3170 5180
792 297 1012 336 ...20-

420 475 482 532 Iam
506 472 638 532 refutatis
662 471 790 532 virorum
815 472 972 534 doctorum
997 471 1178 548 argumentis
1206 470 1281 530 alios
1305 471 1392 529 locos
1419 487 1490 528 enu-

264 639 268 646 ,
315 581 448 649 merabo,
486 580 537 657 qui
562 599 580 638 a
603 579 687 638 nullo
722 579 811 638 scribi
847 589 1007 655 potuerunt
1041 579 1099 638 nisi
1134 579 1173 640 ab
1199 579 1321 638 homine
1353 589 1489 638 veterum

315 689 438 747 deorum
475 686 611 763 opinioni
635 686 778 746 addicto:
804 687 874 755 AS,
891 704 926 760 27
934 702 972 763 5:
1010 685 1151 756 ,Privatos
1176 703 1252 760 quos
1287 703 1490 762 unaquaeque

315 814 389 871 gens
413 793 495 865 colit,
521 804 551 852 ut
574 813 631 852 nos
654 795 800 863 Faunum,
825 793 965 852 Thebani
998 792 1224 869 Amphiaraum,
1250 792 1490 852 Lacedaemonii

316 903 525 977 Tyndareum:
553 919 727 960 communes
745 917 820 976 quos
843 899 982 971 universi,
1007 909 1039 958 ut
1055 899 1209 960 Castorem
1227 900 1384 958 Pollucem
1402 899 1491 957 Libe-

316 1027 379 1068 rum
416 1008 598 1067 Herculem‘.
646 1009 717 1077 A8,
732 1022 813 1081 314:
850 1007 986 1082 ,quidam
1010 1009 1144 1066 Faunum
1176 1007 1359 1083 appellatum
1384 1007 1491 1064 volunt

316 1135 384 1175 eum
422 1133 510 1190 quem
545 1133 601 1172 nos
635 1113 795 1190 propitium
831 1113 978 1174 dicimus‘
1036 1117 1108 1190 Aq,
1126 1116 1207 1172 182:
1243 1123 1286 1186 ,ut
1319 1111 1491 1172 masculino

317 1239 427 1298 genere
452 1221 633 1297 Cupidinem
658 1221 747 1280 deum
772 1221 879 1297 ipsum,
904 1220 936 1280 id
960 1231 1004 1280 est
1026 1218 1085 1284 cdv
1100 1213 1236 1304 ’Ἔρωτα
1272 1220 1491 1296 significemus,

319 1329 464 1388 feminino
501 1327 717 1404 cupiditatem!
765 1330 792 1386 A
810 1347 857 1398 12,
875 1330 946 1404 538:
974 1327 1092 1404 ,singuli
1127 1326 1205 1387 enim
1241 1327 1316 1388 deos
1350 1326 1492 1404 proprios

316 1436 460 1496 habemus
484 1428 671 1512 geniosl¹⁰⁶l
1012 1504 1015 1509 ¹

424 1543 581 1600 Praeterea
617 1541 648 1600 id
683 1541 859 1611 monuerim,
896 1559 964 1600 eum
989 1541 1168 1602 christianae
1202 1542 1274 1602 fidei
1309 1552 1393 1600 certe
1431 1558 1492 1598 non

318 1648 492 1708 adhaesisse
516 1641 567 1724 qui
591 1647 721 1726 auguriis
745 1658 774 1707 et
790 1648 938 1708 eiusmodi
962 1650 1050 1708 rebus
1074 1667 1144 1708 usus
1168 1659 1221 1708 est.
1269 1650 1379 1724 Neque
1411 1647 1492 1706 enim

318 1757 393 1815 ullus
417 1755 593 1814 christianus
617 1765 699 1814 tanta
723 1755 931 1832 superstitione
955 1759 1132 1816 constrictus
1159 1768 1219 1818 est:
1252 1756 1345 1816 immo
1374 1772 1451 1814 vero
1475 1772 1492 1810 a

318 1863 427 1922 talibus
463 1863 611 1922 erroribus
644 1863 758 1922 alienus
801 1882 853 1922 eos
888 1863 992 1922 tollere
1026 1865 1133 1923 studet.
1192 1867 1298 1940 Itaque
1324 1881 1395 1920 cum
1433 1861 1492 1938 ple·

317 1970 385 2029 nior
407 1969 525 2029 Servius
550 1967 588 2048 (A
602 1989 630 2046 3,
647 1969 721 2046 246)
751 1969 903 2045 explicans
935 1989 1078 2046 augurum
1112 1970 1248 2047 auspicia
1271 1980 1362 2045 atque
1387 1986 1491 2028 eorum

318 2077 379 2136 duo
413 2093 523 2152 genera
555 2077 636 2136 dicat
670 2077 709 2136 de
744 2077 837 2136 altero
870 2095 999 2154 genere:
1048 2096 1138 2149 ,nune
1185 2076 1304 2137 utimur‘
1336 2092 1491 2153 paganum

319 2203 351 2244 se
374 2202 440 2242 esse
463 2183 582 2244 latetur:
602 2200 697 2258 aeque
717 2193 808 2258 atque
831 2184 859 2242 A
873 2187 901 2256 ό,
919 2188 995 2256 284:
1015 2186 1064 2256 ,Et
1080 2185 1141 2244 duo
1170 2183 1354 2244 somniorum
1379 2198 1493 2258 genera

320 2300 479 2368 putantur:
497 2308 588 2349 unum
612 2290 651 2349 de
673 2290 768 2361 caelo,
794 2301 890 2351 ut...
916 2291 999 2365 quod
1022 2304 1066 2352 est
1083 2310 1194 2363 verum,
1220 2290 1302 2350 aliud
1325 2291 1364 2350 ab
1390 2288 1491 2350 inferis

320 2399 402 2473 quod
426 2407 470 2457 est
493 2401 611 2455 vanum*
627 2390 689 2474 ¹⁰¹).

426 2504 503 2564 Cum
527 2514 626 2562 autem
649 2521 666 2562 e
696 2502 770 2561 locis
794 2521 882 2580 supra
906 2504 1062 2580 explicatis
1085 2505 1256 2582 apparuerit
1290 2521 1392 2579 neque
1418 2519 1491 2578 opus

320 2630 385 2671 esse
409 2611 448 2670 ad
472 2610 665 2670 christianum
693 2610 794 2668 referri
828 2628 927 2687 neque
961 2611 992 2670 id
1017 2631 1125 2687 magna
1148 2630 1183 2670 ex
1207 2621 1292 2688 parte
1315 2610 1379 2669 tieri
1405 2625 1493 2687 posse

320 2717 453 2793 sequitur
476 2727 508 2776 ut
539 2716 714 2793 plenior
738 2717 909 2776 Servius
941 2737 1129 2794 paganus
1154 2711 1314 2796 tuerit¹⁰⁸).

313 2870 334 2894 ,η
427 2824 506 2884 Ubi
541 2833 639 2882 autem
672 2823 712 2881 in
744 2824 878 2883 lucem
911 2825 1054 2885 editus
1078 2826 1124 2896 sit,
1149 2825 1221 2884 ubi
1245 2824 1372 2884 vitam
1399 2841 1491 2900 ege·

322 2931 377 2991 rit
420 2930 595 2990 Servius
639 2929 828 3005 plenior,
872 2931 1081 2991 difficillimum
1122 2943 1166 2992 est
1210 2932 1249 2992 ad
1287 2933 1489 2990 statuendum.

322 3041 420 3096 Pauca
443 3037 529 3096 huius
553 3036 595 3096 rei
619 3031 699 3112 quae
722 3037 863 3114 equidem
881 3037 982 3098 inveni
1006 3038 1118 3098 iudicia
1134 3057 1348 3099 commemoro,
1374 3038 1491 3114 Populo

323 3146 352 3202 R
366 3163 485 3202 oman
499 3163 516 3200 0
530 3136 583 3220 ¹⁰⁹)
607 3161 675 3202 eum
699 3143 858 3203 attribuere
881 3163 943 3204 non
968 3145 1073 3205 dubito
1097 3146 1209 3222 quippe
1232 3145 1284 3222 qui
1308 3146 1439 3222 peritum
1462 3160 1491 3200 se

312 3251 467 3327 ¹praebeat
500 3250 620 3324 linguae
649 3249 770 3321 latinae,
806 3260 838 3308 ut
860 3253 888 3309 A
906 3271 931 3323 1,
947 3269 1026 3329 505:
1065 3252 1271 3321 ,Chelonen..
1308 3271 1401 3329 quam
1438 3268 1490 3310 nos

322 3357 414 3415 latine
424 3356 603 3416 testudinem
628 3356 775 3429 dicimus‘,
793 3361 820 3416 A
840 3378 867 3428 1,
886 3378 949 3435 394
974 3370 1064 3435 atque
1086 3361 1184 3419 multis
1202 3359 1267 3420 aliis
1290 3360 1375 3434 lociS,
1403 3371 1490 3434 atque

323 3463 375 3538 qui
414 3464 587 3522 Romanum
622 3482 654 3524 se
690 3482 755 3524 esse
791 3466 965 3542 profiteatur
1005 3466 1050 3525 his
1087 3469 1199 3527 verbis:
1237 3469 1329 3544 ,apud
1364 3468 1489 3526 maiores

324 3581 442 3629 nostros
483 3569 706 3646 stipendium..
732 3572 847 3642 dabat,‘
871 3567 1067 3651 lA6,1)¹¹⁰).
1135 3577 1235 3651 Atque
1258 3593 1297 3633 ne
1320 3574 1385 3651 quis
1412 3579 1491 3650 putet

431 3741 473 3814 ¹⁰⁶)
493 3745 569 3795 Adde
587 3746 726 3797 hoslocos:
740 3747 764 3796 A
787 3759 808 3807 1,
822 3747 889 3809 683;
914 3748 1018 3815 2,616;
1034 3761 1059 3812 3,
1079 3761 1125 3811 91;
1149 3762 1172 3812 3,
1191 3759 1253 3814 1513
1270 3763 1295 3814 3,
1310 3750 1376 3813 587;
1399 3759 1486 3818 4‚32;

322 3847 348 3896 4,
365 3834 432 3897 638;
455 3847 481 3902 4,
495 3834 562 3897 696;
587 3836 691 3904 7‚610;
715 3835 816 3903 8‚187.
861 3843 863 3847 ’

431 3919 474 3992 ¹⁰¹)
495 3924 621 3973 Adscribo
640 3928 664 3973 A
687 3939 727 3993 ro,
745 3935 805 3986 272.

432 4009 477 4081 ¹⁰⁸)
496 4012 564 4063 Sicut
575 4013 689 4062 Thomas
699 4013 741 4079 (cf,
750 4013 845 4064 Thom.
855 4031 915 4079 pag.
929 4015 1044 4078 142)iure
1054 4016 1151 4065 censuit
1163 4015 1214 4066 fieri
1234 4034 1284 4066 non
1304 4017 1415 4081 potuisse
1433 4015 1487 4082 quin

324 4102 422 4152 brevior
440 4101 548 4160 Servius,
570 4103 590 4150 si
610 4103 757 4152 christianus
776 4103 869 4162 suisset,
893 4121 1047 4168 paganorum
1066 4122 1147 4154 mores
1173 4116 1326 4156 enumeraret
1351 4123 1432 4172 neque
1451 4119 1487 4153 oc·

324 4192 426 4240 casione
446 4191 532 4241 oblata
551 4201 637 4242 contra
664 4209 708 4242 eos
737 4193 859 4250 existeret,
882 4209 983 4243 necesse
1010 4203 1047 4243 est
1075 4211 1121 4244 nos
1140 4196 1207 4246 idem
1226 4197 1258 4244 de
1277 4197 1390 4260 pleniore
1409 4193 1489 4246 Servio

324 4281 443 4331 iudicare.
698 4262 700 4266 Α

431 4373 476 4432 ros)
497 4371 530 4420 cl.
553 4371 586 4424 H.
607 4371 718 4437 Georgii,
737 4387 796 4438 pag.
809 4384 852 4424 22.

339 4469 341 4473 '
431 4460 475 4532 rto)
495 4461 528 4514 cf.
550 4463 572 4514 A
596 4474 618 4534 1,
635 4471 693 4530 125.
