3170 5180
768 275 989 334 ..24-

402 456 538 516 Perclare
562 456 696 518 videmus
719 455 779 515 hoc
813 455 881 514 loco
912 453 1077 514 breviorem
1101 453 1235 520 Servium
1266 463 1387 530 partem
1412 462 1473 510 tan·

297 567 360 624 tum
384 563 474 622 sontis
494 564 697 640 exscripsisse.
723 563 800 622 Satis
817 563 897 622 enim
914 565 1041 623 obscure
1057 562 1286 639 explicationem
1303 562 1343 620 de
1359 579 1474 637 genere

297 671 452 728 nominum
468 671 592 730 deorum
617 669 711 730 linivit
727 671 772 728 his
789 669 903 730 verbis:
930 681 984 740 ‚est
1006 670 1096 729 etiam
1113 670 1143 728 in
1160 670 1261 745 Cypro
1278 669 1473 727 simulacrum

297 777 439 836 barbatae
475 777 620 848 Veneris,‘
657 796 736 854 quae
769 787 801 836 ut
833 777 1039 854 intellegamus
1066 777 1251 847 ,additicia‘,
1283 786 1315 834 ut
1346 776 1474 834 'l'hiloni

299 883 408 961 placet,
434 885 526 943 verba
549 885 740 943 consulamus
764 893 889 960 oportet.
937 884 1056 944 Deinde
1080 883 1253 942 Macrobius
1283 902 1340 942 nos
1370 885 1474 951 docet,

297 992 376 1050 hanc
395 992 543 1060 ,barbatae
567 990 693 1052 Veneris
716 989 917 1050 narrationem
942 1011 960 1050 a
982 990 1119 1050 breviore
1138 991 1342 1066 interruptam,
1369 1010 1389 1048 a
1415 991 1475 1066 ple-

297 1098 383 1158 niore
407 1109 499 1158 totam
524 1098 661 1158 traditam
686 1116 761 1157 esse.

406 1225 538 1283 Transiit
570 1224 661 1284 Thilo
706 1225 744 1283 ad
777 1223 1071 1294 ,additamentorum‘
1102 1243 1213 1301 genus,
1254 1223 1340 1283 cuius
1387 1224 1477 1300 plura

299 1332 438 1407 exempla
461 1332 588 1408 amplius
612 1331 784 1409 explanavit
806 1351 874 1408 pag.
900 1333 942 1390 VI
965 1351 1031 1408 sqq.

406 1476 536 1536 Primum
561 1475 693 1552 disputat
716 1477 754 1535 de
778 1477 805 1533 A
827 1496 853 1546 1,
880 1491 938 1552 52:

405 1621 555 1692 ,Aeoliam
578 1619 668 1700 venit]
694 1639 803 1680 novem
827 1619 952 1690 insulae,
977 1639 1055 1696 quae
1085 1630 1152 1678 sunt
1175 1630 1242 1696 post
1266 1620 1373 1678 fretum
1401 1619 1476 1678 Sici·

300 1727 369 1799 liae,
404 1729 592 1805 appellantur
615 1729 740 1787 Aeoliae
772 1729 810 1787 ab
834 1728 932 1786 Aeolo
964 1746 1043 1804 rege,
1077 1723 1249 1804 *Hippotae
1277 1723 1370 1796 filio*,
1404 1727 1477 1786 licet

299 1836 482 1895 habeantet
517 1835 636 1912 propria
661 1835 792 1894 nomina.
840 1834 930 1895 Unde
955 1846 984 1895 et
1009 1835 1158 1911 Vergilius
1182 1834 1224 1893 ait
1247 1835 1402 1904 ,Aeoliam
1428 1835 1476 1893 Li-

300 1951 415 2020 paren‘.
466 1945 573 2002 Poetae
598 1941 718 2018 quidem
744 1944 859 2019 tingunt
882 1943 960 2002 hunc
984 1963 1082 2020 regem
1097 1961 1162 2002 esse
1178 1954 1344 2012 ventorum,
1363 1944 1476 2020 Hippo-

302 2051 426 2108 tersiae
450 2051 524 2115 louis
546 2051 603 2107 sine
625 2048 755 2124 Neptuni
765 2050 875 2124 sileam.
927 2049 987 2123 Qni
1007 2067 1067 2108 cnm
1091 2051 1248 2108 immineret
1272 2050 1384 2119 bellam,
1420 2070 1477 2125 qno

305 2157 476 2232 Tyrrnmus,
505 2157 613 2231 Lipari
624 2155 735 2230 frater,
768 2156 985 2232 Peloponnesum
1009 2164 1122 2214 vastare
1138 2157 1336 2232 preposuerunt,
1371 2158 1476 2214 missus

299 2264 337 2321 ab
359 2264 575 2337 Agamemnone,
609 2271 643 2320 ut
653 2263 736 2338 freta
759 2270 891 2332 tueretur,
918 2265 1048 2338 pertenit
1068 2264 1111 2322 ad
1128 2264 1281 2339 Lipornm,
1308 2265 1362 2339 qui
1382 2273 1475 2340 supra

299 2371 386 2428 dictas
407 2370 516 2428 insnlas
538 2371 650 2444 regebat
669 2371 795 2445 imperio,
821 2370 960 2445 factaque
992 2372 1116 2429 anren‘tra
1144 2372 1272 2446 Cyanam
1287 2371 1390 2446 filiam
1415 2373 1476 2428 eins

301 2479 331 2536 in
355 2478 567 2535 matrimonium
591 2479 711 2553 sumpsit
736 2485 763 2534 et
783 2476 968 2551 Strongulam
1000 2479 1124 2536 irrsnlam
1140 2481 1178 2546 ¹in
1201 2497 1259 2553 qna
1283 2485 1415 2536 maneret
1436 2495 1476 2535 ac·
1556 2543 1557 2552 χ

301 2586 375 2662 cepit.
431 2585 520 2642 Varro
542 2592 635 2642 antem
659 2585 725 2641 dicit
744 2585 819 2642 nnnc
839 2585 999 2642 insularum
1016 2605 1105 2658 regem
1120 2587 1215 2660 fnisse
1237 2579 1310 2643 *sed
1327 2595 1359 2642 ut
1375 2587 1476 2643 Varro

284 2691 384 2760 dicit,
417 2709 466 2748 rex
490 2691 543 2750 luit
567 2686 759 2760 insularum*,
793 2711 829 2750 ex
853 2710 975 2767 quarum
1000 2692 1117 2751 nebulis
1142 2703 1170 2751 et
1200 2694 1282 2751 sumo
1303 2692 1476 2751 Volcaniae

302 2798 416 2856 insulae
440 2798 618 2874 praedicens
642 2799 738 2857 lutura
761 2799 854 2856 flabra
878 2811 1032 2858 ventorum
1054 2799 1187 2876 inperitis
1203 2798 1282 2858 visus
1299 2811 1344 2858 est
1368 2810 1477 2858 ventos

302 2923 354 2963 sua
378 2916 524 2981 potestate
547 2905 693 2966 retinere‘.

409 3031 510 3090 Verba
532 3031 577 3089 his
602 3031 680 3090 notis
713 3031 829 3092 inclusa
851 3024 878 3090 *.
893 3027 920 3090 .*
944 3033 1045 3090 omisit
1069 3032 1186 3108 plenior
1209 3034 1252 3102 S„
1283 3032 1360 3091 falso
1385 3031 1476 3109 igitur

303 3137 393 3195 Thilo
416 3140 661 3198 commemoravit
691 3139 869 3216 ‚Hippotem
898 3139 986 3198 Aeoli
1011 3149 1124 3216 patrem
1150 3159 1168 3198 a
1191 3138 1326 3216 pleniore
1349 3139 1398 3197 bis
1423 3159 1476 3197 no-

304 3244 449 3302 minatum
473 3251 558 3304 esse‘.

315 3413 320 3422 .
410 3371 505 3428 Recte
530 3383 628 3430 autem
654 3380 765 3441 monet,
800 3390 877 3448 quae
901 3373 1075 3431 Cassellano
1105 3371 1270 3448 peculiaria
1299 3382 1378 3454 sunt,
1412 3391 1475 3430 non

305 3477 344 3535 ad
362 3487 517 3535 ventorum
535 3479 666 3556 regimen
684 3479 844 3555 pertinere:
869 3480 923 3538 sed
950 3481 1026 3538 falso
1042 3479 1113 3539 inde
1147 3479 1300 3538 concludit
1323 3498 1359 3538 ea
1383 3480 1489 3538 verba*

304 3582 449 3642 additicia
484 3603 558 3644 esse.
606 3586 725 3645 Plenior
748 3586 827 3644 enim
863 3586 981 3645 Servius
1004 3606 1067 3644 non
1090 3587 1197 3657 solum,
1228 3587 1310 3662 quod
1333 3588 1475 3663 explana·

303 3690 345 3748 vit
368 3689 456 3748 etiam
481 3691 608 3761 brevior,
633 3692 671 3750 de
694 3691 838 3766 regimine
862 3703 1028 3762 ventorum,
1061 3695 1114 3754 sed
1137 3694 1225 3753 etiam
1250 3695 1288 3752 de
1312 3695 1402 3752 Aeoli
1426 3715 1474 3770 ge·

304 3815 375 3854 nere
399 3807 489 3870 atque
513 3797 628 3872 origine
652 3808 681 3856 et
705 3798 792 3856 rebus
817 3800 855 3858 ab
880 3817 916 3858 eo
941 3799 1031 3876 gestis
1053 3819 1149 3876 pauca
1165 3800 1303 3859 narravit.
1351 3802 1476 3860 Brevior

304 3914 401 3962 autem
426 3903 497 3961 satis
514 3903 617 3962 habuit
635 3905 673 3964 de
695 3906 788 3963 altera
811 3926 852 3976 re,
877 3906 1021 3982 regimine
1037 3919 1192 3966 ventorum
1208 3909 1362 3967 disserere.
1404 3909 1474 3982 Qua

305 4029 336 4068 re
360 4009 436 4067 inter
459 4029 490 4068 se
514 4011 662 4069 differunt.
711 4012 771 4070 Sed
795 4032 847 4070 cur
870 4032 932 4071 non
957 4014 1053 4090 potuit
1076 4015 1125 4074 ille
1149 4014 1206 4073 sihi
1230 4034 1410 4092 proponere,
1444 4026 1475 4072 ut

305 4116 432 4192 primum
459 4116 513 4174 sub
538 4117 677 4176 lemmate
694 4118 842 4187 ,Aeoliam
866 4119 958 4178 venit‘
982 4122 1064 4196 quod
1088 4122 1126 4180 de
1143 4122 1255 4180 Aeoliis
1279 4121 1382 4181 insulis
1399 4123 1474 4181 inter

306 4241 409 4280 omnes
433 4223 592 4282 constabat
615 4225 768 4300 proferret,
793 4225 903 4284 deinde
927 4226 1022 4287 varias
1046 4239 1200 4304 poetarum
1225 4228 1344 4289 dehac
1369 4249 1400 4288 re
1425 4232 1473 4287 hc·

305 4329 402 4388 tiones
426 4342 586 4402 enarraret,
612 4342 763 4408 postremo
787 4343 898 4392 certam
923 4335 1065 4392 Varronis
1090 4335 1320 4412 explicationem
1344 4337 1408 4395 eius
1433 4337 1472 4395 rei

307 4437 484 4516 praeberet?
531 4440 586 4497 Per
620 4456 651 4497 se
684 4437 771 4518 igitur
802 4439 877 4500 nihil
906 4441 1005 4500 obstat
1037 4441 1195 4518 quominus
1218 4461 1234 4502 e
1258 4441 1393 4521 pleniore
1422 4463 1473 4506 sua
