3170 5180
599 279 820 342 ..23„

190 459 349 528 ,incendia
372 455 453 538 belli]
488 459 520 520 id
542 471 588 520 est
607 461 682 537 vim3
803 463 946 534 ,Inmodici
981 463 1059 539 belli]
1092 471 1144 522 aut
1163 463 1294 523 areierem

116 584 244 642 semper
259 568 336 626 enim
353 567 466 627 diluvio
491 577 521 627 et
540 567 682 626 incendio
736 570 895 645 simpliciter
920 571 992 640 belli,
1023 573 1102 646 quia·
1121 582 1227 648 semper
1254 573 1293 630 di·

115 684 270 750 conparat
286 674 406 748 bellum‚
433 684 464 733 ut
483 678 522 738 ,in
549 685 681 750 segetem
735 678 811 735 lumi
833 685 860 735 et
880 678 1003 736 incendii)
1020 686 1047 736 et
1064 681 1218 755 tenpestas
1235 697 1294 736 con·

115 781 212 839 veluti
253 799 320 840 cum
359 783 480 841 flamma
518 781 681 841 furentibus
729 791 824 859 parat
843 785 952 854 bellum,
976 791 1009 842 ut
1039 787 1081 854 ,in
1103 791 1216 858 segetem

114 889 239 948 austris⁴
274 889 380 948 incidit
395 902 446 948 aut
461 890 584 967 rapidus
600 909 683 950 mon·
737 897 856 949 torrens‘
888 899 916 948 et
957 892 1028 950 alibi
1056 893 1159 962 ,saevis
1202 892 1294 966 pinso

116 1007 191 1055 tano
216 997 334 1074 gurgite
357 1003 493 1058 torrens!
736 997 859 1072 Mycenis
874 1005 1018 1074 tempestas
1036 1001 1125 1056 ierit:
1143 1006 1196 1056 aut
1206 1005 1297 1076 potest

735 1105 862 1162 subtiltms
876 1105 977 1162 dictum
993 1107 1087 1181 accipi,
1110 1106 1188 1181 quoii
1206 1106 1294 1163 Ileiem

735 1212 926 1287 conflagravit
946 1212 1090 1270 incendio!

230 1319 347 1377 Tamen
371 1337 409 1377 ne
436 1319 653 1377 concludamus
676 1316 841 1394 pleniorem
867 1318 1113 1378 commentarium
1136 1318 1175 1377 ad
1200 1317 1293 1378 incor-

115 1435 238 1501 ruptam
263 1424 398 1484 Serviani
433 1427 531 1502 operis
567 1424 764 1502 integritatem
791 1423 913 1500 propius
947 1426 1092 1484 accedere
1115 1444 1206 1502 quam
1230 1425 1292 1484 bre·

115 1531 246 1601 viorem,
271 1543 374 1591 monet
390 1531 433 1590 vir
456 1532 573 1590 doctus.
620 1531 716 1592 Certis
734 1530 814 1590 enim
828 1531 1009 1606 argumentis
1033 1532 1130 1591 evinci
1154 1551 1242 1609 posse
1267 1532 1294 1591 ei
1350 1562 1353 1567 ·

118 1639 171 1714 qui
196 1639 368 1715 pleniorem
385 1639 632 1698 commentarium
649 1638 851 1714 composuerit
873 1648 990 1714 praeter
1006 1638 1148 1698 Serviane
1169 1639 1293 1698 aliorum
1363 1715 1366 1720 Ι

116 1763 286 1821 eorumque
318 1745 504 1822 superiomm
536 1745 797 1822 grammaticorum
830 1745 946 1804 scholia
981 1746 1019 1804 ad
1048 1765 1169 1804 manum
1194 1746 1291 1805 fuisse.

118 1853 239 1912 Eadem
264 1853 352 1928 igitur
375 1852 587 1929 probabilitate
617 1851 675 1911 illis
704 1852 778 1911 loeis
802 1853 923 1928 vulgata
947 1852 1059 1923 Servi0,
1091 1852 1228 1929 pleniora
1251 1852 1293 1911 eis

116 1959 209 2019 tribui
234 1979 361 2035 quorum
385 1960 501 2018 scholia
523 1960 587 2036 ipse
611 1959 729 2018 Servius
753 1959 950 2036 exscripserit.

228 2068 356 2126 Constat
384 2066 471 2142 igitur
498 2066 648 2142 pleniores
676 2065 778 2136 libros,
803 2066 857 2125 etsi
888 2085 950 2125 non
974 2067 1013 2125 ad
1042 2067 1134 2143 ipsius
1159 2066 1292 2126 Serviani

119 2175 233 2250 operiS,
266 2184 297 2232 ut
321 2173 362 2232 ait
385 2173 486 2247 Thilo,
520 2184 620 2232 tamen
645 2172 683 2231 ad
708 2173 843 2232 Serviani
874 2173 964 2232 lontis
996 2173 1196 2251 incorruptam
1222 2174 1293 2233 inte-

116 2281 258 2356 gritatem
272 2280 394 2358 propius
418 2278 605 2340 brevioribus
629 2281 782 2339 accedere.
832 2279 924 2354 Quod
938 2279 1083 2357 inprimis
1111 2292 1235 2357 apparet
1258 2299 1293 2340 er

118 2407 155 2447 eo
180 2390 252 2449 loco
277 2389 316 2447 ad
340 2406 430 2464 quem
454 2387 534 2447 idem
557 2387 602 2445 vir
624 2388 731 2446 doctus
755 2406 810 2446 nos
834 2397 976 2451 revocate

140 2515 269 2589 A2,632
282 2533 289 2575 τ
303 2513 493 2584 ,Aeducente
502 2511 681 2592 deolsecun·

16 2637 17 2642 ’
118 2619 681 2696 dumeosquidicunt‚utriusquesexus

119 2727 383 2804 participationem
406 2725 517 2786 habere
547 2727 681 2786 numina.

118 2835 198 2893 Nam
235 2833 277 2893 ait
312 2833 423 2893 Calvus
448 2834 682 2910 ,pollentemque

120 2942 210 3000 deum
236 2943 408 3000 Venerem!
434 2943 507 3000 Item
532 2941 681 3016 Vergilius

120 3068 188 3118 ,nec
217 3050 341 3108 dextrae
357 3047 466 3107 erranti
494 3048 567 3107 deus
588 3048 681 3117 aluit‚‘

119 3174 188 3214 cum
213 3166 265 3214 aut
278 3157 357 3232 Juno
374 3154 468 3225 fuerit,
485 3166 536 3214 aut
552 3155 680 3215 Allecto

119 3264 173 3321 Est
196 3263 288 3322 eiiam
312 3262 343 3320 in
367 3263 467 3339 Cypro
491 3261 681 3321 simulacrum

119 3369 267 3429 barbatae
304 3369 450 3442 Veneris,
508 3378 619 3444 corpore
655 3377 684 3428 et

119 3484 190 3535 veste
225 3477 371 3546 muliebri,
417 3495 478 3534 cerm
516 3484 618 3552 sceptro
657 3485 684 3534 et

120 3591 229 3642 natura
262 3585 355 3654 virili,
390 3584 468 3660 quod
493 3579 681 3667 Ἁφρόδιτον

120 3699 228 3761 uocant,
254 3693 300 3749 cm·
320 3693 380 3750 uiri
399 3693 430 3749 in
449 3698 519 3749 veste
541 3690 679 3760 muliebri,

120 3798 249 3856 mulrires
271 3799 301 3856 in
317 3799 397 3856 virili
414 3796 484 3856 vesti
498 3797 678 3871 sacrificant!

803 2511 940 2571 Macrob.
959 2513 1018 2572 Sat.
1036 2514 1089 2579 ΠΙ,
1117 2517 1145 2581 8,
1172 2533 1182 2570 1
1210 2532 1293 2588 sqq.:

737 2665 758 2689 ,.
781 2663 809 2678 ..
834 2637 901 2676 cum
936 2618 987 2677 ille
1020 2618 1192 2696 (Vergilius)
1225 2620 1293 2678 doc·

735 2725 847 2785 tissime
870 2725 977 2784 dixerit
993 2726 1121 2784 ducente
1138 2726 1206 2794 de0,
1232 2747 1293 2784 non

736 2834 801 2892 dea.
838 2833 916 2891 Nam
941 2842 970 2891 et
986 2833 1067 2908 apud
1084 2832 1208 2892 Calvum
1225 2835 1293 2892 Ate-

737 2939 835 2998 rianns
860 2939 998 2998 adfirmat
1024 2939 1184 3016 legendum
1221 2942 1293 3018 ,pol-

736 3048 907 3122 lentemque
930 3047 1020 3106 deum
1036 3047 1196 3106 Venerem‘
1232 3068 1292 3107 non

738 3154 837 3212 deam.

803 3259 926 3336 Signum
950 3260 1040 3318 etiam
1064 3260 1126 3319 eius
1143 3272 1187 3320 est
1203 3262 1294 3338 Cypri

736 3368 893 3427 barbatum
906 3385 1033 3443 corpore
1056 3368 1110 3426 sed
1122 3377 1203 3427 veste
1232 3388 1293 3426 mu-

735 3474 831 3544 liebri,
866 3493 934 3533 cum
967 3484 1085 3550 sceptro
1117 3494 1153 3533 ac
1188 3487 1294 3534 natura

734 3580 811 3640 virili
835 3591 864 3640 et
887 3591 991 3658 putant
1026 3581 1163 3649 ‚eandem
1180 3601 1292 3641 marem

734 3708 770 3747 ac
787 3688 937 3747 seminam*
969 3707 1043 3747 esse.
1076 3687 1293 3764 Aristophanes

734 3813 800 3854 eam
826 3792 1024 3881 'Appo'dirov
1040 3795 1191 3871 appellat.
1208 3797 1293 3855 ‚Phi-

732 3903 872 3962 lochorus
888 3919 1010 3976 quoque
1034 3901 1064 3960 in
1080 3901 1204 3962 Atthide
1227 3921 1293 3962 ean·

732 4009 801 4068 dem
825 4009 964 4068 adfirmat
987 4027 1062 4078 ,esse
1096 4010 1198 4068 lunam
1221 4010 1292 4070 etei

731 4114 909 4174 sacrificium
958 4116 1057 4174 lacere
1103 4115 1181 4174 viros
1225 4134 1293 4175 cum

730 4232 812 4282 veste
835 4221 982 4292 muliebri,
1000 4217 1137 4282 mulieres
1161 4241 1230 4281 cnm
1253 4223 1293 4281 vi·

730 4329 787 4398 rili,
821 4329 903 4405 quod
927 4329 1034 4389 eadem
1065 4339 1094 4388 et
1122 4349 1184 4388 mas
1208 4329 1292 4388 aesti-

731 4445 827 4497 matur
849 4446 878 4495 et
901 4435 1032 4496 semina!
