3170 5180
654 283 964 347 ,κυδ-

266 475 349 536 viora
373 497 452 555 quae
477 480 641 540 arctissime
662 479 835 551 cohaerent,
869 482 1071 558 seiunguntur.
1118 481 1226 558 Neque
1248 481 1359 542 infitior
1383 501 1436 558 op·

266 586 337 644 time
360 606 378 645 a
401 589 503 646 Servio
527 589 662 648 breviore
688 589 890 663 ‚Thymbraei‘
920 609 1032 649 nomen
1051 590 1183 664 ¹derivari
1206 610 1225 648 a
1247 590 1316 649 loco
1339 591 1437 665 thym-

266 693 320 751 bra
343 694 433 770 pleno
458 696 488 754 in
513 714 573 771 quo
597 695 747 772 Apollinis
770 698 913 772 templum
938 707 991 756 est.
1039 697 1176 773 Amplius
1200 698 1280 756 idem
1303 697 1438 773 explicat

266 801 383 875 plenior
407 803 543 861 Servius:
569 803 735 878 veriloquio
760 802 842 862 vocis
864 799 1093 878 ,Thymbraeus‘
1111 814 1346 864 commemorato
1370 804 1438 863 bre·

265 907 340 965 viter
364 908 447 978 dicit,
480 929 557 984 quae
588 910 625 968 sit
653 910 799 984 thymbra,
834 910 946 970 deinde
969 911 1047 970 bene
1070 913 1176 971 fecisse
1199 913 1289 971 docet
1312 922 1438 988 poetam

231 1046 234 1052 ·
266 1015 350 1089 quod
375 1017 494 1075 Aeneas
528 1016 617 1076 deum
652 1035 742 1092 quem
776 1017 1019 1092 ‚Thymbraeum‘
1055 1018 1084 1076 in
1118 1019 1170 1078 illo
1193 1019 1328 1078 Troiano
1361 1037 1438 1095 agro

265 1122 399 1196 Apollini
423 1143 508 1182 sacro
532 1125 674 1194 coluerat,
700 1125 808 1184 eodem
832 1125 955 1184 nomine
979 1126 1112 1202 appellat
1134 1126 1215 1196 ,Deli
1231 1126 1366 1202 positus‘.

371 1224 516 1290 Videmus
549 1231 637 1308 igitur
674 1243 830 1308 utramque
862 1232 1137 1309 interpretationem
1165 1233 1278 1309 optime
1302 1232 1439 1308 intellegi

265 1355 363 1412 neque
390 1339 514 1398 moleste
538 1339 606 1398 ferri
629 1340 712 1414 quod
744 1339 929 1415 plenioribus
962 1339 1100 1399 breviora
1130 1341 1331 1416 seiunguntur,
1367 1359 1438 1398 cnm

264 1463 325 1501 non
343 1445 439 1504 minus
456 1447 604 1522 quadrent
620 1446 671 1506 illa
694 1447 785 1506 verba
810 1445 850 1516 ‚in
870 1466 930 1523 quo
954 1447 1016 1506 eius
1041 1458 1069 1506 et
1094 1467 1204 1507 nomen
1263 1450 1280 1506 .‘
1305 1448 1346 1506 ad
1372 1449 1436 1525 ple·

265 1551 350 1610 niora
373 1572 463 1627 quam
488 1554 527 1613 ad
552 1553 697 1612 breviora.

372 1663 408 1719 A.
427 1679 456 1733 4,
485 1664 544 1736 65:
572 1663 652 1729 ‚Heu
675 1673 774 1720 vatum
799 1662 921 1738 ignarae
945 1660 1070 1741 mentes]
1097 1681 1159 1722 non
1175 1663 1345 1724 sacerdotes
1363 1663 1438 1722 vitu·

265 1778 349 1845 perat
387 1768 471 1843 quasi
497 1749 615 1826 nescios
630 1770 811 1843 saturarum,
836 1769 889 1828 sed
909 1767 968 1828 vim
984 1770 1112 1828 amantis
1128 1770 1274 1846 exprimit,
1299 1782 1328 1830 et
1364 1771 1438 1830 inde

267 1875 414 1951 vituperat
447 1877 619 1934 sacerdotes
651 1878 767 1950 ignaras
795 1895 858 1950 erga
891 1878 998 1934 artioris
1021 1879 1135 1951 reginae
1157 1880 1209 1953 qui
1229 1878 1442 1936 adaianaerunt

269 2003 324 2040 non
348 1984 516 2041 credituram
540 1985 609 2058 qaia
633 1983 683 2040 illa
707 1983 782 2040 alias
804 2001 905 2065 causas
938 1985 1072 2042 litationis
1099 1985 1307 2060 praetendebat,
1330 1993 1357 2042 et
1379 1987 1441 2043 ritca

266 2099 330 2147 nata
358 2110 413 2148 aaa
430 2091 607 2166 perficiebat:
631 2085 701 2164 *qui
725 2089 944 2150 admonuerunt
968 2110 1030 2149 non
1046 2087 1260 2152 credituram*:
1285 2111 1355 2150 nam
1374 2112 1438 2152 orn·

264 2198 315 2256 nia
339 2197 435 2256 sutura
458 2217 476 2256 a
500 2197 705 2256 sacerdotibus
740 2197 893 2272 praedicta
924 2217 998 2268 esse,
1032 2217 1161 2274 sequens
1194 2198 1308 2258 indicat
1339 2199 1436 2270 locus,

265 2315 296 2363 nt
322 2305 484 2380 ,multaque
509 2313 663 2380 praeterea
684 2314 783 2362 vatum
801 2304 954 2380 praedicta
977 2305 1129 2381 priorum‘.

372 2415 472 2471 Locus
496 2411 647 2470 intellectu
671 2411 877 2470 difficillimus:
903 2412 986 2470 cuius
1018 2413 1114 2488 prima
1146 2433 1214 2490 pars
1239 2433 1311 2484 ,non
1339 2434 1437 2474 sacer·

264 2519 351 2578 dotes
385 2519 532 2595 vituperat
565 2518 652 2594 quasi
684 2518 803 2578 nescios
830 2520 1011 2594 futurorum*
1049 2522 1242 2580 confirmatur
1278 2541 1314 2581 eo
1350 2523 1435 2597 quod

263 2627 534 2702 scrIptumlegimus
544 2626 573 2684 in
583 2638 715 2685 extremo
723 2645 759 2684 eo
767 2626 882 2684 scholio
891 2647 971 2697 ‚nam
982 2627 1085 2686 omnia
1093 2629 1212 2688 futuraa
1226 2630 1437 2690 sacerdotibus

262 2733 419 2809 praedicta
433 2753 516 2792 esse.
534 2779 539 2790 .
556 2733 815 2809 ,priorum‘atque
827 2733 891 2809 ipse
906 2735 933 2792 T
934 2734 1145 2794 hiloconcedit
1161 2735 1437 2798 adnullamremea

262 2841 398 2900 revocari
421 2859 510 2917 posse
534 2840 591 2898 nisi
616 2840 654 2901 ad
679 2839 805 2917 primam
830 2841 1039 2900 commentarii
1055 2855 1178 2918 partem.
1225 2845 1366 2903 Attamen
1385 2845 1436 2904 ille

262 2948 354 3006 verba
377 2967 414 3008 eo
438 2967 499 3007 non
524 2948 707 3025 transposuit
731 2967 792 3023 quo
816 2967 940 3008 necesse
964 2961 1036 3024 erat,
1061 2969 1129 3010 cum
1151 2953 1181 3010 id
1206 2970 1297 3010 unum
1321 2962 1434 3028 ageret,

262 3066 293 3112 ut
316 3055 452 3130 pleniora
476 3057 567 3115 verba
590 3067 744 3132 tamquam
768 3057 866 3114 aliena
882 3067 1006 3116 notaret.
1054 3059 1100 3116 Ita
1127 3078 1198 3118 vero
1215 3078 1283 3118 cum
1298 3060 1436 3136 legamus

263 3162 340 3220 inter
364 3162 429 3220 illas
454 3164 528 3221 duas
552 3163 609 3221 sibi
634 3173 778 3238 cognatas
810 3163 972 3223 sententias
1005 3183 1125 3241 prorsus
1158 3165 1218 3225 alia
1246 3168 1339 3226 verba
1371 3179 1436 3226 arte

262 3268 338 3327 inter
361 3288 393 3327 se
416 3269 621 3330 cohaerentia:
649 3271 712 3340 ,sed
746 3269 805 3327 vim
839 3272 964 3329 amantis
981 3273 1118 3348 exprimit
1141 3284 1170 3332 et
1193 3274 1264 3334 iude
1287 3275 1437 3351 vituperat

261 3377 432 3434 sacerdotes
457 3376 508 3452 qui
533 3377 752 3436 admonuerunt
769 3395 830 3435 non
854 3379 1043 3438 credituram‘
1069 3381 1167 3440 facere
1190 3401 1252 3440 non
1275 3401 1435 3457 possumus
1514 3421 1516 3428 ·

262 3484 334 3558 quin
359 3485 482 3542 alteram
515 3484 629 3560 primae
662 3484 753 3561 partis
788 3485 965 3544 sententiam
1000 3505 1079 3556 ,nam
1109 3489 1253 3548 omnia..
1271 3488 1433 3565 ,priorum‘

262 3591 337 3649 falso
369 3591 528 3650 referamus
553 3593 592 3650 ad
626 3591 806 3661 ,sacerdotes
830 3592 882 3666 qui
906 3593 1124 3653 admonuerunt
1147 3615 1208 3654 non
1232 3595 1433 3670 credituram‘.

370 3715 500 3786 ,Deinde
523 3717 682 3775 obscurum
700 3728 744 3774 est
769 3736 828 3792 quo
845 3716 919 3774 haec
942 3718 1098 3778 referenda
1122 3719 1189 3791 sint,
1206 3723 1276 3796 qaia
1291 3721 1343 3778 illa
1358 3721 1435 3778 alias

260 3841 361 3880 cataras
383 3825 518 3882 litationis
534 3825 737 3899 praetendebat
758 3832 785 3882 et
805 3825 863 3883 tileo
885 3833 951 3884 aata
974 3846 1029 3884 aaa
1046 3827 1228 3902 perlimat,
1260 3847 1327 3886 cum
1351 3827 1435 3888 dicat

262 3930 353 3987 Thilo
376 3950 444 4006 pag.
470 3932 552 3999 VIII,
589 3932 679 4007 plane
702 3949 769 3988 cum
795 3949 831 3990 eo
855 3931 1021 3992 consenti0.
1069 3933 1129 3992 Sed
1163 3952 1271 3993 causae
1295 3934 1433 3993 Thilonis

261 4037 333 4094 mihi
357 4057 419 4095 non
442 4038 615 4113 probantur,
641 4038 724 4114 quod
748 4049 777 4096 et
800 4039 943 4097 brevioris
966 4049 995 4098 et
1024 4039 1166 4116 plenioris
1193 4041 1286 4100 Servii
1316 4051 1433 4100 antece·

179 4133 185 4148 ‘
263 4144 338 4202 dens
362 4144 435 4202 illud
461 4144 522 4219 ‚qui
547 4145 766 4204 admonuerunt
782 4165 843 4204 non
868 4146 1059 4205 credituram‘
1083 4158 1254 4223 corruptum
1272 4166 1336 4208 esse
1360 4147 1433 4206 mihi

262 4251 389 4310 videtur.
437 4252 544 4326 Neque
578 4252 657 4311 enim
691 4253 752 4310 ullo
781 4253 872 4311 modo
905 4273 923 4312 a
948 4253 1083 4328 Vergilio
1113 4254 1220 4312 dicitur
1250 4256 1288 4314 de
1317 4254 1432 4314 vatibus

265 4358 397 4433 regInam
422 4357 665 4432 admonentibus,
697 4359 736 4417 de
760 4359 863 4436 regina
898 4359 1019 4418 monitis
1056 4379 1118 4419 non
1143 4360 1300 4432 creditura,
1334 4379 1433 4437 neque

261 4464 385 4524 omnino
410 4465 470 4523 dici
494 4477 620 4545 poterat,
646 4485 713 4533 cum
736 4479 830 4541 vates,
856 4477 887 4527 ut
910 4478 989 4528 recte
1016 4467 1141 4527 adnotat
1165 4469 1283 4547 plenior
1305 4468 1432 4540 Servius,
