3170 5180
789 303 1003 359 -Ῑὸ-

415 498 562 574 Equidem
596 497 626 556 in
661 508 725 557 tota
759 496 946 572 expositione
980 513 1043 555 non
1089 495 1188 556 inveni
1223 513 1277 554 cur
1308 495 1347 554 de
1382 494 1481 552 Missa

308 605 447 682 cogitem.
459 600 497 684 ⁹⁷)

419 712 538 770 Deinde
562 711 615 770 viri
640 711 722 770 docti
746 710 785 787 (A
798 730 828 782 4,
843 710 933 788 301):
968 711 1036 781 ,hoc
1059 710 1150 787 vulgo
1185 710 1340 786 apertione
1376 709 1481 784 appel-

307 820 379 880 lant·
411 837 572 895 apagano
607 819 749 894 scriptum
773 835 838 877 esse
862 827 986 893 negant:
1009 817 1165 876 videamus
1188 817 1286 894 igitur,
1311 835 1382 874 num
1417 816 1482 873 hoc

308 926 432 984 fecerint
456 926 527 984 iure.
576 925 607 983 Si
632 923 784 983 christiani
807 925 882 982 haec
905 924 997 982 verba
1021 942 1087 984 esse
1110 935 1258 1000 putamus,
1284 940 1409 983 necesse
1431 933 1482 980 est

308 1051 413 1090 vocem
454 1031 617 1108 apertionis
653 1031 694 1090 ita
719 1031 935 1106 intellegamus,
972 1041 1002 1088 ut
1036 1031 1189 1090 christiani
1224 1049 1260 1090 ea
1299 1031 1479 1090 utebantur:

306 1139 397 1198 habet
426 1150 524 1198 autem
546 1139 625 1215 apud
649 1157 702 1197 eos
719 1139 797 1196 hanc
813 1137 1079 1214 significationem:
1098 1138 1271 1214 ,apertionis
1290 1136 1480 1213 mysterium,

310 1246 493 1317 ceremonia,
518 1263 578 1320 qua
602 1245 743 1305 sacerdos
768 1244 939 1304 accedentis
956 1245 995 1304 ad
1019 1244 1204 1322 Baptismum
1228 1261 1315 1302 nares
1339 1254 1369 1302 et
1392 1261 1482 1301 aures

309 1353 406 1429 tangit
439 1353 559 1413 dicens:
595 1353 713 1429 epheta,
750 1351 780 1410 id
805 1363 849 1412 est
872 1352 1038 1428 adaperire,
1062 1353 1109 1411 vel
1134 1362 1177 1412 est
1208 1350 1322 1428 apertio
1346 1343 1482 1427 oris.‘⁹⁸)

311 1459 503 1518 Antecedunt
528 1469 627 1518 autem
652 1459 710 1518 illis
739 1459 832 1519 Servii
855 1459 953 1517 verbis
977 1459 1115 1518 Plautino
1152 1459 1243 1518 verbo
1280 1457 1481 1534 interposito:

312 1566 614 1636 ,cum‘sollemnibus
638 1566 745 1626 diebus
769 1565 979 1642 aperiebantur
993 1566 1106 1642 templa
1129 1565 1313 1624 instaurandi
1337 1565 1482 1623 sacrificii

313 1679 424 1731 causa‘.
472 1674 559 1732 Haec
575 1691 645 1732 num
663 1673 701 1732 de
725 1673 874 1749 baptismo
897 1671 1059 1732 christiano
1083 1672 1144 1732 dici
1166 1671 1322 1749 putamus?
1368 1672 1485 1730 Nonne

313 1778 460 1838 sacrificia
493 1799 678 1856 paganorum
702 1779 930 1840 commemorari
953 1779 1110 1838 videmus?
1155 1781 1259 1854 Itaque
1283 1779 1377 1837 verba
1400 1797 1485 1854 quae

310 1886 502 1957 antecedunt,
526 1905 582 1944 nos
606 1887 773 1962 impediunt
796 1887 956 1963 quominus
979 1888 1018 1947 de
1042 1905 1096 1946 usu
1120 1886 1281 1945 christiano
1297 1885 1482 1961 cogitemus,

309 1992 363 2051 sed
379 2003 503 2051 monent
526 1994 576 2069 agi
599 1994 637 2053 de
660 2003 792 2054 veterum
808 1994 932 2053 deorum
950 1994 1104 2070 apertione
1117 1988 1156 2071 ⁰⁹)
1180 1993 1368 2069 templorum.

415 2100 532 2158 Tertius
556 2101 640 2158 loeus
656 2110 701 2158 est
717 2101 743 2158 A
759 2103 788 2171 8,
813 2102 893 2174 670:
909 2101 1075 2176 ,quomodo
1099 2100 1179 2160 enim
1203 2100 1260 2176 piis
1284 2099 1349 2158 iura
1372 2099 1484 2159 redde-

311 2216 364 2276 ret,
390 2205 441 2281 qui
464 2206 495 2264 in
519 2225 551 2266 se
574 2207 682 2283 impius
706 2207 789 2267 suits
837 2210 924 2266 Haec
947 2209 1039 2267 verba
1073 2208 1113 2267 ad
1130 2207 1277 2268 Catonem
1303 2205 1482 2283 respiciunt,

311 2313 363 2388 qui
387 2332 507 2372 manum
531 2313 589 2372 sibi
612 2315 716 2374 attulit.
743 2312 902 2373 Christiani
940 2325 1040 2373 autem
1068 2325 1122 2386 est,
1148 2325 1178 2372 ut
1202 2313 1325 2373 Thiloni
1349 2313 1482 2382 videtur,

310 2421 400 2478 talem
424 2421 575 2480 hominem
601 2421 724 2497 impium
749 2422 868 2481 habere.
917 2422 1081 2481 Concedo:
1106 2422 1160 2481 sed
1183 2419 1391 2496 quaerendum
1413 2438 1484 2478 esse

312 2537 395 2602 puto,
420 2545 491 2586 num
515 2527 592 2587 inter
614 2539 728 2588 veteres
763 2528 870 2588 suerint
894 2529 946 2605 qui
969 2529 1049 2588 idem
1085 2529 1124 2588 de
1157 2529 1216 2588 hoc
1240 2527 1343 2586 mortis
1366 2545 1483 2603 genere

311 2646 466 2694 censerent
496 2646 586 2710 atque
602 2635 763 2694 christiani.
789 2635 983 2694 Notissimum
1002 2646 1046 2694 est
1062 2636 1179 2694 Stoicos
1192 2645 1318 2693 mortem
1342 2635 1484 2692 volunta·
1559 2649 1560 2672 ³

312 2741 385 2800 riam
410 2759 527 2817 semper
550 2743 703 2817 probasse,
729 2743 904 2820 saepissime
938 2743 1178 2802 commendasse,
1205 2759 1331 2818 quorum
1369 2741 1483 2798 doctri-

311 2865 382 2905 nam
417 2847 554 2923 permulti
578 2849 708 2908 Romani
741 2849 834 2909 secuti
858 2846 997 2928 sunt¹⁰⁰),
1023 2850 1102 2908 velut
1127 2850 1235 2908 Cicero
1272 2847 1312 2918 ,in
1338 2854 1410 2922 quo‘
1438 2848 1484 2906 in-

312 2953 377 3029 quit
401 2964 461 3024 ,aut
484 2965 553 3013 sunt
576 2955 659 3031 plura
682 2957 831 3015 contraria
863 2967 912 3014 aut
947 2957 1010 3016 lore
1047 2957 1186 3016 videntur
1221 2955 1307 3014 huius
1343 2954 1483 3012 officium
1558 2981 1559 2990 κ

311 3072 364 3131 est,
390 3079 407 3120 e
432 3061 490 3119 vita
505 3057 729 3140 excedere.‘¹⁰¹)

418 3169 533 3227 Seneca
555 3168 644 3227 etiam
668 3169 796 3228 rationes
820 3169 882 3228 eius
916 3169 1019 3228 mortis
1057 3179 1226 3230 enumerat:
1261 3187 1322 3244 quo
1365 3170 1483 3230 factum

311 3284 356 3333 est
371 3284 403 3333 ut
415 3269 664 3352 Baumhauer¹⁰²)
676 3277 820 3335 Romanis
837 3276 932 3353 ipsam
950 3287 1074 3334 mortem
1098 3275 1294 3334 voluntariam
1313 3295 1484 3353 numquam

311 3382 449 3441 iniustam
474 3400 539 3441 esse
561 3381 654 3440 visam
678 3382 800 3443 diceret.

418 3765 452 3834 ⁹⁷)
470 3769 568 3819 Mecum
590 3769 714 3820 consentit
733 3771 846 3822 Thomas
865 3787 923 3835 pag.
949 3785 1006 3832 141.

418 3854 450 3926 ⁹⁸)
470 3857 503 3907 cf.
523 3859 654 3923 Ducange.
674 3876 724 3909 s.v.
1555 3899 1556 3942 ,

418 3943 451 4012 99)
471 3947 553 3996 Etiam
577 3949 611 3997 H.
633 3949 775 4013 Nettleship
793 3948 903 4014 (journal
922 3949 951 3998 ol
968 3950 1055 4013 philol.
1077 3951 1110 4018 X,
1133 3967 1158 4014 p.
1174 3951 1232 4020 157)
1252 3951 1298 4000 hos
1317 3950 1382 3998 duos
1411 3953 1486 4002 locos
1555 3947 1556 3969 ¹

312 4037 374 4086 nihil
403 4037 485 4086 valere
511 4037 573 4087 dicit
600 4053 655 4086 cum
683 4037 728 4086 viri
757 4038 823 4087 docti
849 4039 972 4102 explicare
1003 4039 1140 4099 omiserint,
1171 4040 1300 4106 quomodo
1330 4040 1486 4093 christianus

311 4126 402 4191 aliquis
422 4142 466 4176 eos
483 4107 659 4190 composuerit.

418 4214 462 4278 roo)
484 4215 532 4264 Ed.
553 4216 639 4275 Zeller,
653 4215 694 4265 die
706 4215 866 4282 Philosophie
880 4217 923 4265 der
942 4217 1074 4277 Griechen,
1089 4216 1194 4282 Leipzig
1216 4218 1359 4286 1880,111,
1387 4233 1397 4269 1
1422 4238 1485 4288 pag.
1554 4199 1555 4251 i

312 4313 595 4369 mmmm·
1432 4331 1435 4338 ·

418 4397 463 4454 ror>
482 4393 577 4443 defin.
598 4396 658 4444 bon.
679 4403 703 4443 et
722 4395 782 4445 mal.
802 4395 847 4453 ΙΙΙ,
865 4395 908 4450 60,

418 4485 463 4546 ror)
482 4482 623 4551 disquisitio
642 4483 673 4533 de
694 4491 772 4535 morte
791 4485 940 4554 voluntaria,
965 4485 1039 4550 1843,
1061 4501 1120 4550 pag.
1140 4495 1185 4550 45.
