3170 5180
574 273 812 393 249ss-

1 583 2 586 Ἴ
102 510 205 571 texit.¹
254 513 291 571 G.
315 532 341 583 r,
368 511 448 588 366:
466 512 555 583 ,Sane
579 511 734 573 sciendum
760 520 805 572 est
827 517 861 571 at
880 511 925 571 ait
937 509 1049 572 Aratus
1064 509 1103 572 ab
1126 507 1177 570 ilia
1199 517 1283 588 parte

103 629 234 676 ventum
259 620 406 694 flaturum,
431 621 461 679 in
486 639 577 696 quam
612 620 690 697 ignis
714 620 764 678 ille
787 619 961 679 ceciderit‘:
994 636 1055 694 quo
1087 620 1157 676 loco
1187 617 1283 693 magis

106 726 247 784 firmatur
271 727 375 803 opinio
399 737 519 787 nostra:
537 727 645 787 dixerit
669 727 747 786 enim
788 726 937 803 quispiam
962 735 1114 785 auctorem
1138 725 1210 785 dicti
1235 724 1284 782 ali·

107 831 198 889 cuius
227 833 267 892 ad
295 834 419 892 verbum
450 832 617 910 transcripti
648 833 687 892 ab
721 833 780 892 alio
804 833 940 909 indagari
973 849 1079 908 posse3
1103 832 1161 890 hoc
1186 841 1284 890 autem

106 938 184 996 loco
208 957 276 997 cum
306 938 372 999 aliis
396 940 494 999 verbis
530 958 633 999 sensus
668 942 797 998 Arateae
831 939 997 998 sententiae
1031 937 1164 998 redditus
1196 945 1283 1010 esset,

108 1045 180 1104 fieri
203 1064 265 1103 non
288 1047 385 1122 potuit
408 1047 480 1123 quin
505 1057 610 1105 auctor
633 1058 738 1123 postea
762 1047 947 1122 reperiretur.

221 1153 328 1228 Neque
350 1153 435 1212 aliter
457 1172 504 1212 res
527 1173 559 1213 se
582 1154 683 1224 habet,
720 1153 744 1212 si
781 1153 900 1214 brevior
923 1154 1041 1213 Servius
1064 1172 1126 1211 non
1149 1163 1210 1210 tam
1234 1169 1285 1208 no

111 1277 186 1317 men
209 1259 362 1335 proprium
385 1279 477 1336 quam
500 1261 593 1320 verba
616 1260 745 1319 auctoris
774 1262 878 1320 afferre
903 1261 1012 1332 omisit,
1047 1260 1163 1336 plenior
1187 1267 1285 1316 autem

114 1376 275 1440 utrumque
299 1367 426 1442 scripsit,
450 1377 483 1425 ut
506 1370 532 1425 A
552 1384 579 1443 5,
606 1369 689 1440 408:
714 1365 840 1446 ,Versat]
867 1368 1047 1438 considerat,
1072 1377 1103 1426 ut
1131 1364 1286 1425 Sallustius

115 1471 290 1541 ,exercitum
313 1475 454 1531 matutam
484 1493 560 1532 more
582 1482 716 1544 verteret,
754 1475 865 1532 horest
895 1475 1099 1533 constderaret.‘
1134 1473 1232 1531 Nemo
1255 1479 1287 1526 ut

120 1577 232 1653 opinor
277 1579 412 1637 censebit
458 1579 623 1656 pleniorem
659 1579 793 1638 Servium
825 1598 948 1656 operam
982 1580 1111 1649 dedisse,
1154 1588 1186 1636 ut
1215 1576 1288 1635 illud

115 1681 275 1754 ,maiorum
299 1689 391 1744 more‘
416 1686 549 1756 adderet;
579 1686 723 1761 quoniam
746 1687 813 1744 sola
837 1671 981 1745 brevioris
1006 1685 1100 1744 Servii
1128 1685 1222 1743 verba
1244 1683 1286 1740 in·

117 1790 221 1865 tellegi
244 1801 378 1866 possunt.
425 1795 499 1851 Item
523 1795 592 1863 Αό,
618 1795 696 1851 622:
730 1792 818 1865 ,Fixit
844 1794 926 1867 leges
949 1792 1045 1869 pretio
1069 1803 1158 1866 atque
1181 1786 1286 1866 refixit]

114 1915 276 1973 possumus
299 1898 464 1956 Antonium
492 1899 632 1974 accipere
661 1899 826 1957 secundum
851 1898 1028 1958 Ciceronem
1053 1898 1084 1956 in
1113 1895 1287 1972 Philippicis

115 2004 169 2061 ubi
192 2004 237 2060 ait
265 2003 378 2076 ,Icgcsne
396 2004 497 2078 fixisti
503 2002 528 2062 θ’
575 2003 653 2062 Fixit
676 2014 775 2062 autem
800 2004 870 2063 ideo
894 2005 966 2080 quia
989 2005 1103 2063 incisae
1131 2004 1162 2061 in
1192 2001 1287 2061 aereis

115 2107 229 2195 tabulis
253 2108 461 2184 adfigebantur
485 2103 709 2188 parietibus⁴⁵³l
1146 2115 1148 2118 ’

226 2217 351 2273 Restant
374 2215 463 2291 pauci
486 2216 546 2274 loci
570 2216 680 2291 quibus
711 2216 880 2276 videbimus
911 2217 978 2292 ipsa
1008 2235 1045 2276 ea
1075 2235 1151 2292 quae
1175 2215 1288 2289 flagitat

115 2331 183 2381 tota
206 2322 470 2398 argumentationis
486 2323 562 2381 ratio
585 2332 725 2398 totusque
748 2324 960 2382 sententiarum
985 2341 1127 2397 conexus,
1144 2322 1289 2399 praebere

116 2428 286 2506 pleniorem
311 2429 453 2496 Servium,
478 2448 540 2487 non
569 2429 712 2506 praebere
743 2429 929 2490 breviorem:
966 2430 1019 2489 sed
1042 2430 1094 2488 illa
1117 2448 1179 2487 non
1202 2439 1234 2486 ut
1258 2427 1289 2485 in

117 2553 212 2611 supra
237 2536 417 2596 enumeratis
441 2536 585 2612 exemplis
616 2547 688 2606 erat,
722 2536 888 2596 sententiae
912 2548 979 2594 sunt
1011 2547 1060 2595 aut
1091 2535 1176 2612 plura
1199 2535 1291 2593 verba

119 2643 176 2701 sed
200 2642 335 2718 singulae
358 2662 457 2712 voces,
483 2661 557 2718 quas
580 2643 688 2702 dixerit
721 2642 870 2718 quispiam
901 2643 1070 2718 corruptela
1093 2641 1124 2699 in
1154 2641 1290 2699 breviore

119 2749 340 2808 commentario
373 2750 500 2809 omissas
532 2768 607 2809 esse.
656 2750 749 2824 Quod
782 2749 833 2824 qui
868 2749 950 2819 dicit,
982 2750 1047 2825 ipse
1073 2749 1190 2817 fatetur,
1215 2748 1291 2805 haee

119 2855 265 2933 plenioris
289 2854 382 2916 Servii
406 2858 498 2916 verba
521 2876 583 2916 non
608 2857 760 2925 additicia,
787 2857 840 2916 sed
864 2856 972 2932 integri
995 2855 1204 2915 commentarii
1228 2856 1290 2913 Ser-

120 2963 203 3021 viani
226 2963 348 3039 propria
369 2981 445 3023 esse.

111 3061 114 3068 ’
229 3071 258 3127 Α
277 3090 305 3139 2,
333 3088 410 3146 312:
447 3065 559 3153 ,Sigea]
585 3071 646 3130 duo
674 3079 742 3128 sunt
766 3069 877 3128 Troiae
902 3067 1116 3143 promunturia,
1142 3068 1292 3126 Rhoetum

123 3187 153 3236 et
176 3177 306 3254 Sigeum,
338 3177 420 3252 quod
451 3177 563 3236 dictum
588 3188 631 3236 est
662 3186 785 3252 propter
808 3173 948 3234 Herculis
979 3172 1210 3231 taciturnitatem
1241 3173 1293 3248 qui

122 3284 291 3360 prohibitus
311 3284 442 3360 hospitio
465 3305 484 3342 a
500 3285 686 3342 Laomedonte
708 3281 856 3341 simulavit
880 3280 1053 3339 abscessum
1076 3289 1106 3338 et
1129 3280 1200 3338 inde
1224 3298 1293 3337 con·

123 3401 169 3449 tra
185 3390 308 3448 Troiam
325 3409 378 3466 per
393 3390 541 3449 silentium
567 3390 656 3458 venit,
682 3389 765 3464 quod
788 3387 896 3446 dicitur
921 3380 1015 3469 σιγήῖ
1064 3386 1126 3460 Qui
1149 3385 1293 3444 brevioris

123 3507 239 3557 tantum
263 3497 357 3556 Servii
381 3497 627 3556 commentarium
652 3496 766 3572 legerit,
792 3494 906 3570 aliquid
931 3493 1074 3552 omissum
1098 3511 1164 3551 esse
1187 3510 1293 3550 conce-

123 3605 184 3675 det,
210 3603 262 3680 qui
285 3603 437 3681 plenioris,
463 3605 545 3662 nulla
567 3621 642 3662 voce
672 3601 796 3662 carebit.
843 3601 951 3675 Neque
981 3618 1057 3675 opus
1082 3609 1126 3658 est
1158 3598 1294 3673 sequenti

123 3713 193 3770 loco
226 3729 348 3770 monere
379 3710 555 3786 particulam
580 3714 669 3777 ,nam‘
689 3695 723 3767 ‘et
749 3724 827 3783 quae
860 3716 1034 3782 sequuntur,
1070 3704 1202 3780 intellegi
1232 3723 1295 3762 non

122 3834 223 3895 posse,
247 3817 304 3875 nisi
328 3817 447 3876 additur
478 3816 604 3888 ,latine‘:
629 3826 674 3874 est
697 3814 779 3874 enim
801 3815 829 3870 A
844 3816 873 3885 6,
901 3829 980 3872 222:
1016 3808 1160 3888 ,Feretro]
1187 3829 1294 3886 graece

124 3925 209 3996 dixit,
234 3942 303 3982 nam
326 3924 414 3981 latine
434 3925 558 3999 capulus
575 3923 684 3982 dicitur
703 3941 719 3980 a
737 3913 954 3996 capiendo‘⁵⁴).
990 3920 1016 3975 A
1036 3919 1064 3987 6,
1091 3920 1172 3993 388:
1198 3917 1297 3990 ,Quisa

125 4032 194 4108 quis
217 4050 249 4090 es
273 4029 413 4110 armatus]
439 4032 518 4093 bene
542 4050 560 4091 a
583 4030 819 4108 praescriptione
841 4030 933 4105 coepit,
958 4046 994 4086 ac
1018 4027 1042 4085 si
1067 4026 1197 4085 diceret:
1222 4024 1296 4083 nihil

233 4327 320 4398 ⁵⁸)cs.
341 4333 399 4389 Aa,
426 4331 487 4389 166;
516 4343 543 4396 4,
566 4339 632 4394 5553
667 4342 792 4395 10‚329.

233 4418 267 4488 Μ)
286 4421 310 4470 Α
333 4434 372 4482 11,
404 4421 437 4481 64
463 4419 564 4470 brevior
581 4418 690 4487 Servius,
709 4434 765 4468 cum
791 4417 823 4467 de
841 4417 931 4467 eadem
950 4431 975 4465 re
994 4421 1087 4481 ageret,
1121 4429 1172 4462 non
1196 4412 1281 4464 omisit

125 4525 215 4569 vocem
234 4509 344 4574 ,lauret
376 4535 387 4558 .-
