<?xml version="1.0" encoding="UTF-8"?>
<!DOCTYPE html PUBLIC "-//W3C//DTD XHTML 1.0 Transitional//EN"
    "http://www.w3.org/TR/xhtml1/DTD/xhtml1-transitional.dtd">
<html xmlns="http://www.w3.org/1999/xhtml" xml:lang="en" lang="en">
 <head>
  <title>
</title>
<meta http-equiv="Content-Type" content="text/html;charset=utf-8" />
  <meta name='ocr-system' content='tesseract 3.04.00' />
  <meta name='ocr-capabilities' content='ocr_page ocr_carea ocr_par ocr_line ocrx_word'/>
</head>
<body>
  <div class='ocr_page' id='page_1' title='image "./quaestionesserv00moelgoog_0040.png"; bbox 0 0 3170 5180; ppageno 0'>
   <div class='ocr_carea' id='block_1_1' title="bbox 752 273 971 328">
    <p class='ocr_par' dir='ltr' id='par_1_1' title="bbox 752 273 971 328">
     <span class='ocr_line' id='line_1_1' title="bbox 752 273 971 328; baseline -0.009 -28"><span class='ocrx_word' id='word_1_1' title='bbox 752 273 971 328; x_wconf 64' lang='lat'>-3,.„</span> 
     </span>
    </p>
   </div>
   <div class='ocr_carea' id='block_1_2' title="bbox 240 447 1458 1166">
    <p class='ocr_par' dir='ltr' id='par_1_2' title="bbox 240 447 1457 936">
     <span class='ocr_line' id='line_1_2' title="bbox 240 447 1455 524; baseline -0.002 -16"><span class='ocrx_word' id='word_1_2' title='bbox 240 486 244 493; x_wconf 91' lang='lat'><em>·</em></span> <span class='ocrx_word' id='word_1_3' title='bbox 274 449 354 508; x_wconf 86' lang='lat' dir='ltr'>vium</span> <span class='ocrx_word' id='word_1_4' title='bbox 390 467 407 508; x_wconf 89' lang='lat' dir='ltr'>e</span> <span class='ocrx_word' id='word_1_5' title='bbox 439 449 574 524; x_wconf 87' lang='lat' dir='ltr'>pleniore</span> <span class='ocrx_word' id='word_1_6' title='bbox 609 449 826 511; x_wconf 84' lang='lat' dir='ltr'>commentario</span> <span class='ocrx_word' id='word_1_7' title='bbox 862 449 959 508; x_wconf 89' lang='lat' dir='ltr'>solum</span> <span class='ocrx_word' id='word_1_8' title='bbox 995 449 1078 508; x_wconf 88' lang='lat' dir='ltr'>illum</span> <span class='ocrx_word' id='word_1_9' title='bbox 1101 465 1218 507; x_wconf 91' lang='lat' dir='ltr'>versum</span> <span class='ocrx_word' id='word_1_10' title='bbox 1242 447 1455 524; x_wconf 83' lang='lat' dir='ltr'>exscripsisse,</span> 
     </span>
     <span class='ocr_line' id='line_1_3' title="bbox 276 555 1457 632; baseline -0.002 -19"><span class='ocrx_word' id='word_1_11' title='bbox 276 555 358 631; x_wconf 90' lang='lat' dir='ltr'>quod</span> <span class='ocrx_word' id='word_1_12' title='bbox 381 555 420 614; x_wconf 89' lang='lat' dir='ltr'>ab</span> <span class='ocrx_word' id='word_1_13' title='bbox 444 573 482 614; x_wconf 92' lang='lat' dir='ltr'>eo</span> <span class='ocrx_word' id='word_1_14' title='bbox 506 573 598 631; x_wconf 88' lang='lat' dir='ltr'>saepe</span> <span class='ocrx_word' id='word_1_15' title='bbox 624 555 687 613; x_wconf 87' lang='lat' dir='ltr'>heri</span> <span class='ocrx_word' id='word_1_16' title='bbox 715 555 792 614; x_wconf 85' lang='lat' dir='ltr'>inlra</span> <span class='ocrx_word' id='word_1_17' title='bbox 823 555 966 626; x_wconf 91' lang='lat' dir='ltr'>invenies,</span> <span class='ocrx_word' id='word_1_18' title='bbox 1002 567 1092 632; x_wconf 86' lang='lat' dir='ltr'>atque</span> <span class='ocrx_word' id='word_1_19' title='bbox 1115 555 1301 614; x_wconf 87' lang='lat' dir='ltr'>Turonensis</span> <span class='ocrx_word' id='word_1_20' title='bbox 1331 555 1457 614; x_wconf 88' lang='lat' dir='ltr'>codicis</span> 
     </span>
     <span class='ocr_line' id='line_1_4' title="bbox 275 662 1457 738; baseline -0.002 -18"><span class='ocrx_word' id='word_1_21' title='bbox 275 662 437 731; x_wconf 88' lang='lat' dir='ltr'>librarium,</span> <span class='ocrx_word' id='word_1_22' title='bbox 462 681 530 720; x_wconf 89' lang='lat' dir='ltr'>cum</span> <span class='ocrx_word' id='word_1_23' title='bbox 555 681 644 738; x_wconf 91' lang='lat' dir='ltr'>super</span> <span class='ocrx_word' id='word_1_24' title='bbox 666 681 781 722; x_wconf 89' lang='lat' dir='ltr'>versum</span> <span class='ocrx_word' id='word_1_25' title='bbox 805 663 951 722; x_wconf 90' lang='lat' dir='ltr'>scholium</span> <span class='ocrx_word' id='word_1_26' title='bbox 986 683 1023 722; x_wconf 88' lang='lat' dir='ltr'>ex</span> <span class='ocrx_word' id='word_1_27' title='bbox 1050 663 1157 724; x_wconf 91' lang='lat' dir='ltr'>eodem</span> <span class='ocrx_word' id='word_1_28' title='bbox 1188 664 1271 722; x_wconf 90' lang='lat' dir='ltr'>sonte</span> <span class='ocrx_word' id='word_1_29' title='bbox 1307 664 1457 720; x_wconf 89' lang='lat' dir='ltr'>haustum</span> 
     </span>
     <span class='ocr_line' id='line_1_5' title="bbox 276 763 1456 846; baseline -0.001 -19"><span class='ocrx_word' id='word_1_30' title='bbox 276 763 468 846; x_wconf 54' lang='lat' dir='ltr'>scriberent),</span> <span class='ocrx_word' id='word_1_31' title='bbox 506 769 593 844; x_wconf 88' lang='lat' dir='ltr'>spatii</span> <span class='ocrx_word' id='word_1_32' title='bbox 627 769 734 845; x_wconf 63' lang='lat' dir='ltr'>inopia,</span> <span class='ocrx_word' id='word_1_33' title='bbox 763 769 1037 845; x_wconf 81' lang='lat' dir='ltr'>interpretationem</span> <span class='ocrx_word' id='word_1_34' title='bbox 1072 789 1173 830; x_wconf 89' lang='lat' dir='ltr'>versus</span> <span class='ocrx_word' id='word_1_35' title='bbox 1202 789 1292 845; x_wconf 88' lang='lat' dir='ltr'>quarn</span> <span class='ocrx_word' id='word_1_36' title='bbox 1317 769 1456 828; x_wconf 87' lang='lat' dir='ltr'>similem</span> 
     </span>
     <span class='ocr_line' id='line_1_6' title="bbox 276 876 761 936; baseline 0.006 -3"><span class='ocrx_word' id='word_1_37' title='bbox 276 895 391 934; x_wconf 90' lang='lat' dir='ltr'>versum</span> <span class='ocrx_word' id='word_1_38' title='bbox 416 876 587 934; x_wconf 86' lang='lat' dir='ltr'>adscribere</span> <span class='ocrx_word' id='word_1_39' title='bbox 611 876 761 936; x_wconf 88' lang='lat' dir='ltr'>maluisse.</span> 
     </span>
    </p>

    <p class='ocr_par' dir='ltr' id='par_1_3' title="bbox 277 983 1458 1166">
     <span class='ocr_line' id='line_1_7' title="bbox 383 983 1456 1061; baseline -0.002 -19"><span class='ocrx_word' id='word_1_40' title='bbox 383 983 523 1058; x_wconf 88' lang='lat' dir='ltr'>Denique</span> <span class='ocrx_word' id='word_1_41' title='bbox 555 1001 666 1042; x_wconf 91' lang='lat' dir='ltr'>moneo</span> <span class='ocrx_word' id='word_1_42' title='bbox 690 983 786 1058; x_wconf 91' lang='lat' dir='ltr'>ipsum</span> <span class='ocrx_word' id='word_1_43' title='bbox 803 984 963 1045; x_wconf 85' lang='lat' dir='ltr'>Thilonem</span> <span class='ocrx_word' id='word_1_44' title='bbox 988 1003 1056 1061; x_wconf 87' lang='lat' dir='ltr'>pag.</span> <span class='ocrx_word' id='word_1_45' title='bbox 1075 986 1104 1042; x_wconf 88' lang='lat' dir='ltr'>X</span> <span class='ocrx_word' id='word_1_46' title='bbox 1127 983 1228 1042; x_wconf 86' lang='lat' dir='ltr'>dicere</span> <span class='ocrx_word' id='word_1_47' title='bbox 1260 983 1456 1042; x_wconf 90' lang='lat' dir='ltr'>Schoellium</span> 
     </span>
     <span class='ocr_line' id='line_1_8' title="bbox 277 1089 1458 1166; baseline 0 -18"><span class='ocrx_word' id='word_1_48' title='bbox 277 1091 456 1166; x_wconf 88' lang='lat' dir='ltr'>quibusdam</span> <span class='ocrx_word' id='word_1_49' title='bbox 482 1090 556 1148; x_wconf 89' lang='lat' dir='ltr'>locis</span> <span class='ocrx_word' id='word_1_50' title='bbox 580 1109 635 1148; x_wconf 90' lang='lat' dir='ltr'>suo</span> <span class='ocrx_word' id='word_1_51' title='bbox 659 1090 721 1148; x_wconf 89' lang='lat' dir='ltr'>iure</span> <span class='ocrx_word' id='word_1_52' title='bbox 745 1092 907 1161; x_wconf 83' lang='lat' dir='ltr'>dubitasse,</span> <span class='ocrx_word' id='word_1_53' title='bbox 938 1111 1009 1152; x_wconf 89' lang='lat' dir='ltr'>num</span> <span class='ocrx_word' id='word_1_54' title='bbox 1041 1102 1120 1152; x_wconf 88' lang='lat' dir='ltr'>recte</span> <span class='ocrx_word' id='word_1_55' title='bbox 1154 1093 1193 1152; x_wconf 86' lang='lat' dir='ltr'>ab</span> <span class='ocrx_word' id='word_1_56' title='bbox 1218 1091 1284 1166; x_wconf 89' lang='lat' dir='ltr'>ipso</span> <span class='ocrx_word' id='word_1_57' title='bbox 1308 1089 1458 1166; x_wconf 83' lang='lat' dir='ltr'>pleniora</span> 
     </span>
    </p>
   </div>
   <div class='ocr_carea' id='block_1_3' title="bbox 184 1196 1460 1274">
    <p class='ocr_par' dir='ltr' id='par_1_4' title="bbox 184 1196 1460 1274">
     <span class='ocr_line' id='line_1_9' title="bbox 184 1196 1460 1274; baseline -0.002 -20"><span class='ocrx_word' id='word_1_58' title='bbox 184 1223 187 1230; x_wconf 91' lang='lat'>·</span> <span class='ocrx_word' id='word_1_59' title='bbox 276 1199 367 1256; x_wconf 89' lang='lat' dir='ltr'>verba</span> <span class='ocrx_word' id='word_1_60' title='bbox 383 1216 517 1256; x_wconf 88' lang='lat' dir='ltr'>seorsum</span> <span class='ocrx_word' id='word_1_61' title='bbox 541 1197 640 1272; x_wconf 86' lang='lat' dir='ltr'>posita</span> <span class='ocrx_word' id='word_1_62' title='bbox 663 1210 771 1260; x_wconf 81' lang='lat' dir='ltr'>essent.</span> <span class='ocrx_word' id='word_1_63' title='bbox 819 1200 873 1258; x_wconf 89' lang='lat' dir='ltr'>llle</span> <span class='ocrx_word' id='word_1_64' title='bbox 897 1199 976 1258; x_wconf 89' lang='lat' dir='ltr'>enim</span> <span class='ocrx_word' id='word_1_65' title='bbox 996 1199 1032 1257; x_wconf 89' lang='lat' dir='ltr'>iis</span> <span class='ocrx_word' id='word_1_66' title='bbox 1056 1198 1132 1256; x_wconf 90' lang='lat' dir='ltr'>locis</span> <span class='ocrx_word' id='word_1_67' title='bbox 1148 1197 1370 1274; x_wconf 83' lang='lat' dir='ltr'>transponendi</span> <span class='ocrx_word' id='word_1_68' title='bbox 1389 1196 1460 1256; x_wconf 88' lang='lat' dir='ltr'>arti·</span> 
     </span>
    </p>
   </div>
   <div class='ocr_carea' id='block_1_4' title="bbox 259 1303 1460 3736">
    <p class='ocr_par' dir='ltr' id='par_1_5' title="bbox 277 1303 1460 1810">
     <span class='ocr_line' id='line_1_10' title="bbox 277 1303 1460 1381; baseline -0.003 -19"><span class='ocrx_word' id='word_1_69' title='bbox 277 1304 346 1362; x_wconf 88' lang='lat' dir='ltr'>ficio</span> <span class='ocrx_word' id='word_1_70' title='bbox 371 1303 526 1379; x_wconf 91' lang='lat' dir='ltr'>repudiato</span> <span class='ocrx_word' id='word_1_71' title='bbox 550 1314 661 1364; x_wconf 87' lang='lat' dir='ltr'>textum</span> <span class='ocrx_word' id='word_1_72' title='bbox 687 1306 839 1367; x_wconf 84' lang='lat' dir='ltr'>emendari</span> <span class='ocrx_word' id='word_1_73' title='bbox 862 1307 934 1374; x_wconf 91' lang='lat' dir='ltr'>vult,</span> <span class='ocrx_word' id='word_1_74' title='bbox 966 1305 1048 1381; x_wconf 90' lang='lat' dir='ltr'>quod</span> <span class='ocrx_word' id='word_1_75' title='bbox 1082 1324 1137 1364; x_wconf 91' lang='lat' dir='ltr'>nos</span> <span class='ocrx_word' id='word_1_76' title='bbox 1161 1323 1249 1381; x_wconf 90' lang='lat' dir='ltr'>supra</span> <span class='ocrx_word' id='word_1_77' title='bbox 1283 1305 1351 1366; x_wconf 89' lang='lat' dir='ltr'>aliis</span> <span class='ocrx_word' id='word_1_78' title='bbox 1379 1303 1460 1361; x_wconf 91' lang='lat' dir='ltr'>locis</span> 
     </span>
     <span class='ocr_line' id='line_1_11' title="bbox 277 1411 1460 1488; baseline 0 -20"><span class='ocrx_word' id='word_1_79' title='bbox 277 1411 565 1470; x_wconf 77' lang='lat' dir='ltr'>commendavimus</span> <span class='ocrx_word' id='word_1_80' title='bbox 616 1414 717 1486; x_wconf 86' lang='lat' dir='ltr'>Atque</span> <span class='ocrx_word' id='word_1_81' title='bbox 740 1411 804 1488; x_wconf 89' lang='lat' dir='ltr'>ipse</span> <span class='ocrx_word' id='word_1_82' title='bbox 828 1413 918 1470; x_wconf 90' lang='lat' dir='ltr'>Thilo</span> <span class='ocrx_word' id='word_1_83' title='bbox 942 1412 972 1472; x_wconf 89' lang='lat' dir='ltr'>in</span> <span class='ocrx_word' id='word_1_84' title='bbox 997 1415 1050 1482; x_wconf 82' lang='grc' dir='ltr'><strong>ΙΙΙ,</strong></span> <span class='ocrx_word' id='word_1_85' title='bbox 1075 1414 1129 1482; x_wconf 90' lang='lat' dir='ltr'>IV,</span> <span class='ocrx_word' id='word_1_86' title='bbox 1155 1414 1182 1467; x_wconf 96' lang='lat' dir='ltr'>V</span> <span class='ocrx_word' id='word_1_87' title='bbox 1207 1412 1274 1470; x_wconf 89' lang='lat' dir='ltr'>libri</span> <span class='ocrx_word' id='word_1_88' title='bbox 1297 1429 1460 1471; x_wconf 90' lang='lat' dir='ltr'>commen·</span> 
     </span>
     <span class='ocr_line' id='line_1_12' title="bbox 278 1518 1459 1595; baseline -0.002 -19"><span class='ocrx_word' id='word_1_89' title='bbox 278 1518 359 1576; x_wconf 87' lang='lat' dir='ltr'>tariis</span> <span class='ocrx_word' id='word_1_90' title='bbox 385 1518 502 1593; x_wconf 90' lang='lat' dir='ltr'>parcius</span> <span class='ocrx_word' id='word_1_91' title='bbox 525 1518 599 1577; x_wconf 91' lang='lat' dir='ltr'>illud</span> <span class='ocrx_word' id='word_1_92' title='bbox 622 1518 779 1577; x_wconf 87' lang='lat' dir='ltr'>artificium</span> <span class='ocrx_word' id='word_1_93' title='bbox 800 1519 945 1588; x_wconf 84' lang='lat' dir='ltr'>adhibuit,</span> <span class='ocrx_word' id='word_1_94' title='bbox 971 1520 1064 1595; x_wconf 90' lang='lat' dir='ltr'>quod,</span> <span class='ocrx_word' id='word_1_95' title='bbox 1089 1530 1120 1577; x_wconf 90' lang='lat' dir='ltr'>ut</span> <span class='ocrx_word' id='word_1_96' title='bbox 1145 1519 1194 1588; x_wconf 90' lang='lat' dir='ltr'>ait,</span> <span class='ocrx_word' id='word_1_97' title='bbox 1219 1539 1237 1577; x_wconf 87' lang='lat' dir='ltr'>a</span> <span class='ocrx_word' id='word_1_98' title='bbox 1260 1519 1348 1577; x_wconf 90' lang='lat' dir='ltr'>tertio</span> <span class='ocrx_word' id='word_1_99' title='bbox 1376 1518 1459 1576; x_wconf 89' lang='lat' dir='ltr'>libro</span> 
     </span>
     <span class='ocr_line' id='line_1_13' title="bbox 279 1624 1460 1702; baseline -0.002 -20"><span class='ocrx_word' id='word_1_100' title='bbox 279 1624 384 1700; x_wconf 91' lang='lat' dir='ltr'>incipit</span> <span class='ocrx_word' id='word_1_101' title='bbox 397 1625 581 1684; x_wconf 88' lang='lat' dir='ltr'>Turonensis</span> <span class='ocrx_word' id='word_1_102' title='bbox 605 1625 720 1686; x_wconf 90' lang='lat' dir='ltr'>codicis</span> <span class='ocrx_word' id='word_1_103' title='bbox 744 1645 821 1699; x_wconf 83' lang='lat' dir='ltr'>usus,</span> <span class='ocrx_word' id='word_1_104' title='bbox 847 1643 883 1684; x_wconf 87' lang='lat' dir='ltr'>ex</span> <span class='ocrx_word' id='word_1_105' title='bbox 908 1645 969 1702; x_wconf 91' lang='lat' dir='ltr'>quo</span> <span class='ocrx_word' id='word_1_106' title='bbox 994 1645 1071 1702; x_wconf 87' lang='lat' dir='ltr'>quae</span> <span class='ocrx_word' id='word_1_107' title='bbox 1087 1626 1173 1686; x_wconf 88' lang='lat' dir='ltr'>fuerit</span> <span class='ocrx_word' id='word_1_108' title='bbox 1197 1626 1269 1686; x_wconf 89' lang='lat' dir='ltr'>olim</span> <span class='ocrx_word' id='word_1_109' title='bbox 1293 1624 1460 1686; x_wconf 89' lang='lat' dir='ltr'>additicio·</span> 
     </span>
     <span class='ocr_line' id='line_1_14' title="bbox 279 1732 1083 1810; baseline 0.002 -20"><span class='ocrx_word' id='word_1_110' title='bbox 279 1751 342 1790; x_wconf 90' lang='lat' dir='ltr'>rum</span> <span class='ocrx_word' id='word_1_111' title='bbox 368 1732 549 1790; x_wconf 85' lang='lat' dir='ltr'>scholiorum</span> <span class='ocrx_word' id='word_1_112' title='bbox 574 1733 670 1791; x_wconf 85' lang='lat' dir='ltr'>forma</span> <span class='ocrx_word' id='word_1_113' title='bbox 694 1733 782 1792; x_wconf 85' lang='lat' dir='ltr'>facile</span> <span class='ocrx_word' id='word_1_114' title='bbox 806 1734 950 1809; x_wconf 85' lang='lat' dir='ltr'>cognosci</span> <span class='ocrx_word' id='word_1_115' title='bbox 974 1745 1083 1810; x_wconf 88' lang='lat' dir='ltr'>potest.</span> 
     </span>
    </p>

    <p class='ocr_par' dir='ltr' id='par_1_6' title="bbox 259 1839 1460 3522">
     <span class='ocr_line' id='line_1_15' title="bbox 388 1839 1460 1916; baseline 0 -20"><span class='ocrx_word' id='word_1_116' title='bbox 388 1839 585 1898; x_wconf 90' lang='lat' dir='ltr'>Additionum</span> <span class='ocrx_word' id='word_1_117' title='bbox 610 1839 711 1916; x_wconf 83' lang='lat' dir='ltr'>generi</span> <span class='ocrx_word' id='word_1_118' title='bbox 736 1840 824 1900; x_wconf 88' lang='lat' dir='ltr'>etiam</span> <span class='ocrx_word' id='word_1_119' title='bbox 849 1841 918 1900; x_wconf 93' lang='lat' dir='ltr'>ideo</span> <span class='ocrx_word' id='word_1_120' title='bbox 943 1841 1106 1901; x_wconf 89' lang='lat' dir='ltr'>attribuunt</span> <span class='ocrx_word' id='word_1_121' title='bbox 1129 1841 1183 1900; x_wconf 87' lang='lat' dir='ltr'>viri</span> <span class='ocrx_word' id='word_1_122' title='bbox 1207 1839 1290 1900; x_wconf 89' lang='lat' dir='ltr'>docti</span> <span class='ocrx_word' id='word_1_123' title='bbox 1312 1839 1460 1916; x_wconf 88' lang='lat' dir='ltr'>pleniora</span> 
     </span>
     <span class='ocr_line' id='line_1_16' title="bbox 280 1945 1459 2022; baseline -0.002 -18"><span class='ocrx_word' id='word_1_124' title='bbox 280 1947 396 2004; x_wconf 88' lang='lat' dir='ltr'>scholia</span> <span class='ocrx_word' id='word_1_125' title='bbox 419 1946 502 2022; x_wconf 93' lang='lat' dir='ltr'>quod</span> <span class='ocrx_word' id='word_1_126' title='bbox 528 1945 646 2022; x_wconf 90' lang='lat' dir='ltr'>plenior</span> <span class='ocrx_word' id='word_1_127' title='bbox 663 1947 780 2006; x_wconf 91' lang='lat' dir='ltr'>Servius</span> <span class='ocrx_word' id='word_1_128' title='bbox 805 1948 937 2008; x_wconf 89' lang='lat' dir='ltr'>diversas</span> <span class='ocrx_word' id='word_1_129' title='bbox 960 1949 1093 2008; x_wconf 88' lang='lat' dir='ltr'>eiusdem</span> <span class='ocrx_word' id='word_1_130' title='bbox 1110 1948 1170 2008; x_wconf 90' lang='lat' dir='ltr'>loci</span> <span class='ocrx_word' id='word_1_131' title='bbox 1193 1947 1459 2022; x_wconf 84' lang='lat' dir='ltr'>interpretationes</span> 
     </span>
     <span class='ocr_line' id='line_1_17' title="bbox 282 2048 1460 2130; baseline -0.001 -20"><span class='ocrx_word' id='word_1_132' title='bbox 282 2053 437 2128; x_wconf 87' lang='lat' dir='ltr'>collegerit</span> <span class='ocrx_word' id='word_1_133' title='bbox 463 2055 545 2112; x_wconf 92' lang='lat' dir='ltr'>nullo</span> <span class='ocrx_word' id='word_1_134' title='bbox 571 2053 675 2113; x_wconf 89' lang='lat' dir='ltr'>addito</span> <span class='ocrx_word' id='word_1_135' title='bbox 699 2055 738 2114; x_wconf 94' lang='lat' dir='ltr'>de</span> <span class='ocrx_word' id='word_1_136' title='bbox 761 2055 943 2130; x_wconf 89' lang='lat' dir='ltr'>singularum</span> <span class='ocrx_word' id='word_1_137' title='bbox 959 2056 1135 2116; x_wconf 88' lang='lat' dir='ltr'>auctoritate</span> <span class='ocrx_word' id='word_1_138' title='bbox 1164 2048 1326 2130; x_wconf 77' lang='lat' dir='ltr'>iudicio¹³).</span> <span class='ocrx_word' id='word_1_139' title='bbox 1362 2052 1460 2112; x_wconf 92' lang='lat' dir='ltr'>Cuius</span> 
     </span>
     <span class='ocr_line' id='line_1_18' title="bbox 281 2160 1458 2238; baseline 0.001 -21"><span class='ocrx_word' id='word_1_140' title='bbox 281 2160 322 2219; x_wconf 87' lang='lat' dir='ltr'>rel</span> <span class='ocrx_word' id='word_1_141' title='bbox 347 2161 485 2236; x_wconf 89' lang='lat' dir='ltr'>exempla</span> <span class='ocrx_word' id='word_1_142' title='bbox 509 2179 576 2218; x_wconf 90' lang='lat' dir='ltr'>curn</span> <span class='ocrx_word' id='word_1_143' title='bbox 601 2161 690 2218; x_wconf 91' lang='lat' dir='ltr'>Thilo</span> <span class='ocrx_word' id='word_1_144' title='bbox 715 2179 783 2220; x_wconf 86' lang='lat' dir='ltr'>non</span> <span class='ocrx_word' id='word_1_145' title='bbox 814 2173 975 2231; x_wconf 88' lang='lat' dir='ltr'>enumeret,</span> <span class='ocrx_word' id='word_1_146' title='bbox 1009 2162 1121 2238; x_wconf 87' lang='lat' dir='ltr'>qnippe</span> <span class='ocrx_word' id='word_1_147' title='bbox 1145 2179 1223 2238; x_wconf 89' lang='lat' dir='ltr'>quae</span> <span class='ocrx_word' id='word_1_148' title='bbox 1246 2160 1334 2220; x_wconf 86' lang='lat' dir='ltr'>facile</span> <span class='ocrx_word' id='word_1_149' title='bbox 1372 2177 1458 2236; x_wconf 88' lang='lat' dir='ltr'>repe·</span> 
     </span>
     <span class='ocr_line' id='line_1_19' title="bbox 282 2267 1457 2342; baseline 0.002 -18"><span class='ocrx_word' id='word_1_150' title='bbox 282 2267 402 2336; x_wconf 88' lang='lat' dir='ltr'>riantur,</span> <span class='ocrx_word' id='word_1_151' title='bbox 427 2267 457 2324; x_wconf 91' lang='lat' dir='ltr'>in</span> <span class='ocrx_word' id='word_1_152' title='bbox 482 2267 650 2326; x_wconf 90' lang='lat' dir='ltr'>universum</span> <span class='ocrx_word' id='word_1_153' title='bbox 675 2268 713 2326; x_wconf 90' lang='lat' dir='ltr'>de</span> <span class='ocrx_word' id='word_1_154' title='bbox 738 2268 792 2328; x_wconf 89' lang='lat' dir='ltr'>hac</span> <span class='ocrx_word' id='word_1_155' title='bbox 809 2287 839 2328; x_wconf 88' lang='lat' dir='ltr'>re</span> <span class='ocrx_word' id='word_1_156' title='bbox 856 2269 1044 2328; x_wconf 87' lang='lat' dir='ltr'>disseremus.</span> <span class='ocrx_word' id='word_1_157' title='bbox 1093 2267 1252 2342; x_wconf 89' lang='lat' dir='ltr'>Quaeritur</span> <span class='ocrx_word' id='word_1_158' title='bbox 1275 2267 1356 2327; x_wconf 91' lang='lat' dir='ltr'>enim</span> <span class='ocrx_word' id='word_1_159' title='bbox 1383 2285 1457 2326; x_wconf 89' lang='lat' dir='ltr'>num</span> 
     </span>
     <span class='ocr_line' id='line_1_20' title="bbox 282 2373 1458 2451; baseline -0.002 -19"><span class='ocrx_word' id='word_1_160' title='bbox 282 2375 320 2432; x_wconf 90' lang='lat' dir='ltr'>de</span> <span class='ocrx_word' id='word_1_161' title='bbox 344 2384 440 2432; x_wconf 88' lang='lat' dir='ltr'>aetate</span> <span class='ocrx_word' id='word_1_162' title='bbox 457 2373 638 2432; x_wconf 89' lang='lat' dir='ltr'>scholiorum</span> <span class='ocrx_word' id='word_1_163' title='bbox 662 2374 734 2433; x_wconf 87' lang='lat' dir='ltr'>certi</span> <span class='ocrx_word' id='word_1_164' title='bbox 751 2375 863 2451; x_wconf 89' lang='lat' dir='ltr'>aliquid</span> <span class='ocrx_word' id='word_1_165' title='bbox 882 2375 944 2434; x_wconf 90' lang='lat' dir='ltr'>erui</span> <span class='ocrx_word' id='word_1_166' title='bbox 968 2375 1072 2451; x_wconf 88' lang='lat' dir='ltr'>possit,</span> <span class='ocrx_word' id='word_1_167' title='bbox 1098 2375 1122 2434; x_wconf 95' lang='lat' dir='ltr'>si</span> <span class='ocrx_word' id='word_1_168' title='bbox 1145 2375 1281 2438; x_wconf 91' lang='lat' dir='ltr'>videmus</span> <span class='ocrx_word' id='word_1_169' title='bbox 1305 2373 1335 2432; x_wconf 93' lang='lat' dir='ltr'>in</span> <span class='ocrx_word' id='word_1_170' title='bbox 1361 2374 1458 2432; x_wconf 90' lang='lat' dir='ltr'>altero</span> 
     </span>
     <span class='ocr_line' id='line_1_21' title="bbox 285 2480 1459 2558; baseline -0.001 -20"><span class='ocrx_word' id='word_1_171' title='bbox 285 2480 502 2538; x_wconf 90' lang='lat' dir='ltr'>commentario</span> <span class='ocrx_word' id='word_1_172' title='bbox 528 2499 544 2538; x_wconf 91' lang='lat' dir='ltr'>a</span> <span class='ocrx_word' id='word_1_173' title='bbox 561 2480 706 2556; x_wconf 91' lang='lat' dir='ltr'>scriptore</span> <span class='ocrx_word' id='word_1_174' title='bbox 722 2500 811 2542; x_wconf 85' lang='lat' dir='ltr'>unam</span> <span class='ocrx_word' id='word_1_175' title='bbox 829 2482 1007 2541; x_wconf 86' lang='lat' dir='ltr'>sententiam</span> <span class='ocrx_word' id='word_1_176' title='bbox 1025 2483 1183 2558; x_wconf 88' lang='lat' dir='ltr'>probatam</span> <span class='ocrx_word' id='word_1_177' title='bbox 1204 2499 1278 2552; x_wconf 91' lang='lat' dir='ltr'>esse,</span> <span class='ocrx_word' id='word_1_178' title='bbox 1303 2481 1334 2540; x_wconf 91' lang='lat' dir='ltr'>in</span> <span class='ocrx_word' id='word_1_179' title='bbox 1362 2482 1459 2539; x_wconf 88' lang='lat' dir='ltr'>altero</span> 
     </span>
     <span class='ocr_line' id='line_1_22' title="bbox 284 2587 1460 2665; baseline -0.001 -19"><span class='ocrx_word' id='word_1_180' title='bbox 284 2599 381 2646; x_wconf 89' lang='lat' dir='ltr'>autem</span> <span class='ocrx_word' id='word_1_181' title='bbox 407 2588 513 2646; x_wconf 91' lang='lat' dir='ltr'>multas</span> <span class='ocrx_word' id='word_1_182' title='bbox 538 2587 657 2647; x_wconf 89' lang='lat' dir='ltr'>eiudem</span> <span class='ocrx_word' id='word_1_183' title='bbox 681 2588 723 2647; x_wconf 93' lang='lat' dir='ltr'>rei</span> <span class='ocrx_word' id='word_1_184' title='bbox 747 2588 964 2664; x_wconf 84' lang='lat' dir='ltr'>explicationes</span> <span class='ocrx_word' id='word_1_185' title='bbox 988 2589 1094 2648; x_wconf 88' lang='lat' dir='ltr'>lectori</span> <span class='ocrx_word' id='word_1_186' title='bbox 1118 2589 1157 2648; x_wconf 88' lang='lat' dir='ltr'>ad</span> <span class='ocrx_word' id='word_1_187' title='bbox 1181 2589 1353 2665; x_wconf 88' lang='lat' dir='ltr'>eligendum</span> <span class='ocrx_word' id='word_1_188' title='bbox 1392 2605 1460 2664; x_wconf 90' lang='lat' dir='ltr'>pro·</span> 
     </span>
     <span class='ocr_line' id='line_1_23' title="bbox 285 2694 1460 2770; baseline -0.002 -18"><span class='ocrx_word' id='word_1_189' title='bbox 285 2694 366 2770; x_wconf 91' lang='lat' dir='ltr'>poni.</span> <span class='ocrx_word' id='word_1_190' title='bbox 415 2695 543 2753; x_wconf 89' lang='lat' dir='ltr'>Videtur</span> <span class='ocrx_word' id='word_1_191' title='bbox 579 2695 659 2754; x_wconf 91' lang='lat' dir='ltr'>enim</span> <span class='ocrx_word' id='word_1_192' title='bbox 695 2696 768 2754; x_wconf 89' lang='lat' dir='ltr'>alter</span> <span class='ocrx_word' id='word_1_193' title='bbox 806 2695 869 2755; x_wconf 86' lang='lat' dir='ltr'>sine</span> <span class='ocrx_word' id='word_1_194' title='bbox 904 2696 1032 2755; x_wconf 89' lang='lat' dir='ltr'>consilio</span> <span class='ocrx_word' id='word_1_195' title='bbox 1060 2714 1113 2755; x_wconf 87' lang='lat' dir='ltr'>sua</span> <span class='ocrx_word' id='word_1_196' title='bbox 1136 2713 1337 2766; x_wconf 86' lang='lat' dir='ltr'>coacervasse,</span> <span class='ocrx_word' id='word_1_197' title='bbox 1384 2695 1460 2753; x_wconf 85' lang='lat' dir='ltr'>alter</span> 
     </span>
     <span class='ocr_line' id='line_1_24' title="bbox 284 2802 1459 2880; baseline -0.001 -21"><span class='ocrx_word' id='word_1_198' title='bbox 284 2802 434 2878; x_wconf 85' lang='lat' dir='ltr'>sapienter</span> <span class='ocrx_word' id='word_1_199' title='bbox 458 2803 705 2861; x_wconf 90' lang='lat' dir='ltr'>commentarium</span> <span class='ocrx_word' id='word_1_200' title='bbox 730 2803 944 2880; x_wconf 90' lang='lat' dir='ltr'>composuisse.</span> <span class='ocrx_word' id='word_1_201' title='bbox 971 2806 1086 2864; x_wconf 85' lang='lat' dir='ltr'>Tamen</span> <span class='ocrx_word' id='word_1_202' title='bbox 1117 2823 1189 2864; x_wconf 87' lang='lat' dir='ltr'>cave</span> <span class='ocrx_word' id='word_1_203' title='bbox 1221 2822 1259 2862; x_wconf 91' lang='lat' dir='ltr'>ne</span> <span class='ocrx_word' id='word_1_204' title='bbox 1287 2803 1459 2862; x_wconf 85' lang='lat' dir='ltr'>breviorem</span> 
     </span>
     <span class='ocr_line' id='line_1_25' title="bbox 286 2910 1460 2986; baseline -0.004 -18"><span class='ocrx_word' id='word_1_205' title='bbox 286 2910 417 2971; x_wconf 81' lang='lat' dir='ltr'>Servium</span> <span class='ocrx_word' id='word_1_206' title='bbox 453 2919 550 2969; x_wconf 88' lang='lat' dir='ltr'>aetate</span> <span class='ocrx_word' id='word_1_207' title='bbox 586 2910 767 2986; x_wconf 89' lang='lat' dir='ltr'>superiorem</span> <span class='ocrx_word' id='word_1_208' title='bbox 792 2911 926 2986; x_wconf 90' lang='lat' dir='ltr'>pleniore</span> <span class='ocrx_word' id='word_1_209' title='bbox 950 2911 1040 2970; x_wconf 83' lang='lat' dir='ltr'>luisse</span> <span class='ocrx_word' id='word_1_210' title='bbox 1063 2911 1134 2970; x_wconf 89' lang='lat' dir='ltr'>inde</span> <span class='ocrx_word' id='word_1_211' title='bbox 1157 2911 1290 2986; x_wconf 89' lang='lat' dir='ltr'>colligas.</span> <span class='ocrx_word' id='word_1_212' title='bbox 1338 2911 1460 2968; x_wconf 87' lang='lat' dir='ltr'>Erraret</span> 
     </span>
     <span class='ocr_line' id='line_1_26' title="bbox 285 3016 1459 3095; baseline -0.003 -20"><span class='ocrx_word' id='word_1_213' title='bbox 285 3017 365 3075; x_wconf 90' lang='lat' dir='ltr'>enim</span> <span class='ocrx_word' id='word_1_214' title='bbox 398 3017 423 3074; x_wconf 90' lang='lat' dir='ltr'>si</span> <span class='ocrx_word' id='word_1_215' title='bbox 453 3016 519 3092; x_wconf 92' lang='lat' dir='ltr'>quis</span> <span class='ocrx_word' id='word_1_216' title='bbox 556 3017 735 3076; x_wconf 84' lang='lat' dir='ltr'>existimaret</span> <span class='ocrx_word' id='word_1_217' title='bbox 762 3027 871 3078; x_wconf 88' lang='lat' dir='ltr'>temere</span> <span class='ocrx_word' id='word_1_218' title='bbox 900 3029 929 3077; x_wconf 90' lang='lat' dir='ltr'>et</span> <span class='ocrx_word' id='word_1_219' title='bbox 962 3018 1360 3095; x_wconf 82' lang='lat' dir='ltr'>imprudenter‘pleniorem</span> <span class='ocrx_word' id='word_1_220' title='bbox 1390 3033 1459 3074; x_wconf 88' lang='lat' dir='ltr'>suas</span> 
     </span>
     <span class='ocr_line' id='line_1_27' title="bbox 259 3117 1459 3204; baseline -0.003 -23"><span class='ocrx_word' id='word_1_221' title='bbox 259 3117 262 3133; x_wconf 86' lang='lat'>&#39;</span> <span class='ocrx_word' id='word_1_222' title='bbox 286 3123 390 3200; x_wconf 88' lang='lat' dir='ltr'>copias</span> <span class='ocrx_word' id='word_1_223' title='bbox 415 3119 653 3202; x_wconf 79' lang='lat' dir='ltr'>congessisse¹⁴),</span> <span class='ocrx_word' id='word_1_224' title='bbox 670 3124 758 3199; x_wconf 83' lang='lat' dir='ltr'>quod</span> <span class='ocrx_word' id='word_1_225' title='bbox 774 3126 820 3184; x_wconf 89' lang='lat' dir='ltr'>vel</span> <span class='ocrx_word' id='word_1_226' title='bbox 836 3125 907 3185; x_wconf 92' lang='lat' dir='ltr'>inde</span> <span class='ocrx_word' id='word_1_227' title='bbox 924 3136 1004 3201; x_wconf 88' lang='lat' dir='ltr'>patet</span> <span class='ocrx_word' id='word_1_228' title='bbox 1031 3126 1113 3204; x_wconf 90' lang='lat' dir='ltr'>quod</span> <span class='ocrx_word' id='word_1_229' title='bbox 1138 3125 1311 3201; x_wconf 88' lang='lat' dir='ltr'>saepissime</span> <span class='ocrx_word' id='word_1_230' title='bbox 1346 3121 1459 3182; x_wconf 90' lang='lat' dir='ltr'>iudicia</span> 
     </span>
     <span class='ocr_line' id='line_1_28' title="bbox 272 3217 1459 3315; baseline -0.004 -25"><span class='ocrx_word' id='word_1_231' title='bbox 272 3217 323 3290; x_wconf 88' lang='lat' dir='ltr'>ab</span> <span class='ocrx_word' id='word_1_232' title='bbox 359 3231 423 3289; x_wconf 89' lang='lat' dir='ltr'>aliis</span> <span class='ocrx_word' id='word_1_233' title='bbox 463 3241 566 3290; x_wconf 90' lang='lat' dir='ltr'>contra</span> <span class='ocrx_word' id='word_1_234' title='bbox 604 3233 769 3310; x_wconf 85' lang='lat' dir='ltr'>Vergilium</span> <span class='ocrx_word' id='word_1_235' title='bbox 809 3234 899 3292; x_wconf 89' lang='lat' dir='ltr'>allata</span> <span class='ocrx_word' id='word_1_236' title='bbox 926 3252 979 3292; x_wconf 91' lang='lat' dir='ltr'>sua</span> <span class='ocrx_word' id='word_1_237' title='bbox 1022 3245 1129 3310; x_wconf 90' lang='lat' dir='ltr'>sponte</span> <span class='ocrx_word' id='word_1_238' title='bbox 1155 3223 1335 3315; x_wconf 70' lang='lat' dir='ltr'>refutavit¹⁵j</span> <span class='ocrx_word' id='word_1_239' title='bbox 1368 3242 1459 3305; x_wconf 90' lang='lat' dir='ltr'>atque</span> 
     </span>
     <span class='ocr_line' id='line_1_29' title="bbox 287 3336 1457 3417; baseline -0.003 -21"><span class='ocrx_word' id='word_1_240' title='bbox 287 3357 409 3414; x_wconf 89' lang='lat' dir='ltr'>operam</span> <span class='ocrx_word' id='word_1_241' title='bbox 445 3338 537 3412; x_wconf 91' lang='lat' dir='ltr'>dedit,</span> <span class='ocrx_word' id='word_1_242' title='bbox 576 3350 607 3398; x_wconf 92' lang='lat' dir='ltr'>ut</span> <span class='ocrx_word' id='word_1_243' title='bbox 644 3339 768 3416; x_wconf 87' lang='lat' dir='ltr'>Vergilii</span> <span class='ocrx_word' id='word_1_244' title='bbox 803 3340 895 3400; x_wconf 88' lang='lat' dir='ltr'>verba</span> <span class='ocrx_word' id='word_1_245' title='bbox 931 3351 1000 3417; x_wconf 89' lang='lat' dir='ltr'>apte</span> <span class='ocrx_word' id='word_1_246' title='bbox 1035 3340 1286 3416; x_wconf 87' lang='lat' dir='ltr'>coniungerentur</span> <span class='ocrx_word' id='word_1_247' title='bbox 1321 3338 1367 3398; x_wconf 90' lang='lat' dir='ltr'>vel</span> <span class='ocrx_word' id='word_1_248' title='bbox 1401 3336 1457 3396; x_wconf 92' lang='lat' dir='ltr'>dis·</span> 
     </span>
     <span class='ocr_line' id='line_1_30' title="bbox 288 3439 527 3522; baseline 0.008 -20"><span class='ocrx_word' id='word_1_249' title='bbox 288 3439 527 3522; x_wconf 80' lang='lat' dir='ltr'>iungerentur¹⁶).</span> 
     </span>
    </p>

    <p class='ocr_par' dir='ltr' id='par_1_7' title="bbox 289 3550 1457 3736">
     <span class='ocr_line' id='line_1_31' title="bbox 393 3550 1457 3630; baseline -0.003 -21"><span class='ocrx_word' id='word_1_250' title='bbox 393 3555 433 3610; x_wconf 90' lang='lat' dir='ltr'>At</span> <span class='ocrx_word' id='word_1_251' title='bbox 456 3552 514 3610; x_wconf 87' lang='lat' dir='ltr'>alia</span> <span class='ocrx_word' id='word_1_252' title='bbox 538 3564 605 3611; x_wconf 88' lang='lat' dir='ltr'>sunt</span> <span class='ocrx_word' id='word_1_253' title='bbox 629 3553 735 3630; x_wconf 88' lang='lat' dir='ltr'>quibus</span> <span class='ocrx_word' id='word_1_254' title='bbox 759 3554 849 3614; x_wconf 91' lang='lat' dir='ltr'>Thilo</span> <span class='ocrx_word' id='word_1_255' title='bbox 873 3553 1048 3630; x_wconf 90' lang='lat' dir='ltr'>opinionem</span> <span class='ocrx_word' id='word_1_256' title='bbox 1080 3573 1163 3612; x_wconf 87' lang='lat' dir='ltr'>suam</span> <span class='ocrx_word' id='word_1_257' title='bbox 1196 3554 1314 3614; x_wconf 86' lang='lat' dir='ltr'>firmare</span> <span class='ocrx_word' id='word_1_258' title='bbox 1341 3550 1457 3608; x_wconf 86' lang='lat' dir='ltr'>studet:</span> 
     </span>
     <span class='ocr_line' id='line_1_32' title="bbox 289 3656 1456 3736; baseline -0.005 -18"><span class='ocrx_word' id='word_1_259' title='bbox 289 3659 339 3736; x_wconf 91' lang='lat' dir='ltr'>qui</span> <span class='ocrx_word' id='word_1_260' title='bbox 363 3671 465 3717; x_wconf 90' lang='lat' dir='ltr'>monet</span> <span class='ocrx_word' id='word_1_261' title='bbox 488 3660 564 3718; x_wconf 90' lang='lat' dir='ltr'>duos</span> <span class='ocrx_word' id='word_1_262' title='bbox 582 3661 699 3719; x_wconf 90' lang='lat' dir='ltr'>Servios</span> <span class='ocrx_word' id='word_1_263' title='bbox 724 3660 855 3720; x_wconf 89' lang='lat' dir='ltr'>diversas</span> <span class='ocrx_word' id='word_1_264' title='bbox 880 3661 1042 3722; x_wconf 91' lang='lat' dir='ltr'>revocandi</span> <span class='ocrx_word' id='word_1_265' title='bbox 1066 3661 1207 3720; x_wconf 84' lang='lat' dir='ltr'>formulas</span> <span class='ocrx_word' id='word_1_266' title='bbox 1231 3677 1392 3736; x_wconf 88' lang='lat' dir='ltr'>usurpasse</span> <span class='ocrx_word' id='word_1_267' title='bbox 1416 3656 1456 3714; x_wconf 90' lang='lat' dir='ltr'>ita</span> 
     </span>
    </p>
   </div>
   <div class='ocr_carea' id='block_1_5' title="bbox 291 3993 1455 4512">
    <p class='ocr_par' dir='ltr' id='par_1_8' title="bbox 397 3993 1113 4065">
     <span class='ocr_line' id='line_1_33' title="bbox 397 3993 1113 4065; baseline 0 -19"><span class='ocrx_word' id='word_1_268' title='bbox 397 3993 430 4063; x_wconf 82' lang='lat'>¹¹)</span> <span class='ocrx_word' id='word_1_269' title='bbox 450 3997 482 4046; x_wconf 85' lang='lat' dir='ltr'>cl.</span> <span class='ocrx_word' id='word_1_270' title='bbox 504 3996 590 4064; x_wconf 75' lang='lat' dir='ltr'>Thilo,</span> <span class='ocrx_word' id='word_1_271' title='bbox 611 3996 663 4046; x_wconf 87' lang='lat' dir='ltr'>vol.</span> <span class='ocrx_word' id='word_1_272' title='bbox 684 3997 705 4065; x_wconf 86' lang='lat'>1,</span> <span class='ocrx_word' id='word_1_273' title='bbox 726 4012 785 4061; x_wconf 84' lang='lat' dir='ltr'>pag.</span> <span class='ocrx_word' id='word_1_274' title='bbox 809 4007 866 4060; x_wconf 80' lang='lat'>503,</span> <span class='ocrx_word' id='word_1_275' title='bbox 888 3996 948 4046; x_wconf 86' lang='lat' dir='ltr'>adn.</span> <span class='ocrx_word' id='word_1_276' title='bbox 970 3995 1048 4046; x_wconf 90' lang='lat' dir='ltr'>critic.</span> <span class='ocrx_word' id='word_1_277' title='bbox 1073 4009 1113 4051; x_wconf 84' lang='lat'>12.</span> 
     </span>
    </p>

    <p class='ocr_par' dir='ltr' id='par_1_9' title="bbox 398 4083 1057 4154">
     <span class='ocr_line' id='line_1_34' title="bbox 398 4083 1057 4154; baseline 0 -20"><span class='ocrx_word' id='word_1_278' title='bbox 398 4083 428 4154; x_wconf 73' lang='lat'>¹³)</span> <span class='ocrx_word' id='word_1_279' title='bbox 448 4087 533 4144; x_wconf 88' lang='lat' dir='ltr'>Thilo,</span> <span class='ocrx_word' id='word_1_280' title='bbox 556 4103 616 4151; x_wconf 86' lang='lat' dir='ltr'>pag.</span> <span class='ocrx_word' id='word_1_281' title='bbox 636 4087 712 4142; x_wconf 89' lang='lat' dir='ltr'>XIlI;</span> <span class='ocrx_word' id='word_1_282' title='bbox 736 4086 830 4136; x_wconf 91' lang='lat' dir='ltr'>Thom.</span> <span class='ocrx_word' id='word_1_283' title='bbox 851 4101 910 4150; x_wconf 82' lang='lat' dir='ltr'>pag,</span> <span class='ocrx_word' id='word_1_284' title='bbox 930 4098 973 4146; x_wconf 87' lang='lat'>49,</span> <span class='ocrx_word' id='word_1_285' title='bbox 999 4095 1057 4148; x_wconf 83' lang='lat'>105.</span> 
     </span>
    </p>

    <p class='ocr_par' dir='ltr' id='par_1_10' title="bbox 398 4171 1220 4244">
     <span class='ocr_line' id='line_1_35' title="bbox 398 4171 1220 4244; baseline -0.005 -20"><span class='ocrx_word' id='word_1_286' title='bbox 398 4172 427 4244; x_wconf 78' lang='lat'>¹⁴)</span> <span class='ocrx_word' id='word_1_287' title='bbox 448 4177 562 4240; x_wconf 81' lang='lat' dir='ltr'>Amplius</span> <span class='ocrx_word' id='word_1_288' title='bbox 582 4177 613 4224; x_wconf 93' lang='lat' dir='ltr'>de</span> <span class='ocrx_word' id='word_1_289' title='bbox 632 4193 662 4224; x_wconf 82' lang='lat' dir='ltr'>ea</span> <span class='ocrx_word' id='word_1_290' title='bbox 680 4191 705 4222; x_wconf 92' lang='lat' dir='ltr'>re</span> <span class='ocrx_word' id='word_1_291' title='bbox 724 4175 795 4238; x_wconf 90' lang='lat' dir='ltr'>primi</span> <span class='ocrx_word' id='word_1_292' title='bbox 815 4175 904 4238; x_wconf 85' lang='lat' dir='ltr'>capitis</span> <span class='ocrx_word' id='word_1_293' title='bbox 923 4175 1087 4226; x_wconf 80' lang='lat' dir='ltr'>adnotatione</span> <span class='ocrx_word' id='word_1_294' title='bbox 1106 4173 1139 4234; x_wconf 89' lang='lat'>89</span> <span class='ocrx_word' id='word_1_295' title='bbox 1159 4171 1220 4221; x_wconf 88' lang='lat' dir='ltr'>dixi.</span> 
     </span>
    </p>

    <p class='ocr_par' dir='ltr' id='par_1_11' title="bbox 399 4261 1133 4332">
     <span class='ocr_line' id='line_1_36' title="bbox 399 4261 1133 4332; baseline -0.001 -19"><span class='ocrx_word' id='word_1_296' title='bbox 399 4261 428 4332; x_wconf 76' lang='lat'>¹⁶)</span> <span class='ocrx_word' id='word_1_297' title='bbox 448 4266 561 4314; x_wconf 86' lang='lat' dir='ltr'>Thomas</span> <span class='ocrx_word' id='word_1_298' title='bbox 579 4282 636 4328; x_wconf 81' lang='lat' dir='ltr'>pag.</span> <span class='ocrx_word' id='word_1_299' title='bbox 658 4264 690 4312; x_wconf 88' lang='lat'>86</span> <span class='ocrx_word' id='word_1_300' title='bbox 711 4264 800 4313; x_wconf 88' lang='lat' dir='ltr'>multos</span> <span class='ocrx_word' id='word_1_301' title='bbox 819 4281 862 4314; x_wconf 91' lang='lat' dir='ltr'>eos</span> <span class='ocrx_word' id='word_1_302' title='bbox 881 4264 951 4312; x_wconf 90' lang='lat' dir='ltr'>locos</span> <span class='ocrx_word' id='word_1_303' title='bbox 969 4263 1133 4312; x_wconf 85' lang='lat' dir='ltr'>enumeravit.</span> 
     </span>
    </p>

    <p class='ocr_par' dir='ltr' id='par_1_12' title="bbox 291 4348 1455 4512">
     <span class='ocr_line' id='line_1_37' title="bbox 399 4348 1455 4423; baseline -0.007 -22"><span class='ocrx_word' id='word_1_304' title='bbox 399 4351 428 4423; x_wconf 67' lang='grc' dir='ltr'>ιθ)</span> <span class='ocrx_word' id='word_1_305' title='bbox 449 4354 562 4403; x_wconf 87' lang='lat' dir='ltr'>Thomas</span> <span class='ocrx_word' id='word_1_306' title='bbox 591 4372 648 4418; x_wconf 77' lang='lat' dir='ltr'>pag.</span> <span class='ocrx_word' id='word_1_307' title='bbox 671 4355 718 4421; x_wconf 76' lang='lat'>873</span> <span class='ocrx_word' id='word_1_308' title='bbox 749 4354 815 4406; x_wconf 86' lang='lat' dir='ltr'>idem</span> <span class='ocrx_word' id='word_1_309' title='bbox 844 4369 904 4420; x_wconf 82' lang='lat' dir='ltr'>pag.</span> <span class='ocrx_word' id='word_1_310' title='bbox 923 4353 959 4415; x_wconf 84' lang='lat'>48</span> <span class='ocrx_word' id='word_1_311' title='bbox 984 4353 1044 4402; x_wconf 88' lang='lat' dir='ltr'>dicit</span> <span class='ocrx_word' id='word_1_312' title='bbox 1071 4352 1194 4418; x_wconf 87' lang='lat' dir='ltr'>pleniores</span> <span class='ocrx_word' id='word_1_313' title='bbox 1221 4350 1298 4402; x_wconf 88' lang='lat' dir='ltr'>libros</span> <span class='ocrx_word' id='word_1_314' title='bbox 1326 4365 1377 4400; x_wconf 89' lang='lat' dir='ltr'>non</span> <span class='ocrx_word' id='word_1_315' title='bbox 1406 4348 1455 4397; x_wconf 88' lang='lat' dir='ltr'>sine</span> 
     </span>
     <span class='ocr_line' id='line_1_38' title="bbox 291 4444 638 4512; baseline -0.012 -14"><span class='ocrx_word' id='word_1_316' title='bbox 291 4444 383 4500; x_wconf 88' lang='lat' dir='ltr'>iudicio</span> <span class='ocrx_word' id='word_1_317' title='bbox 403 4445 556 4512; x_wconf 88' lang='lat' dir='ltr'>compositos</span> <span class='ocrx_word' id='word_1_318' title='bbox 575 4460 638 4494; x_wconf 86' lang='lat' dir='ltr'>esse.</span> 
     </span>
    </p>
   </div>
   <div class='ocr_carea' id='block_1_6' title="bbox 0 0 1607 5172">
    <p class='ocr_par' dir='ltr' id='par_1_13' title="bbox 0 0 1607 5172">
     <span class='ocr_line' id='line_1_39' title="bbox 0 0 1607 5172; baseline 0 0"><span class='ocrx_word' id='word_1_319' title='bbox 0 0 1607 5172; x_wconf 95' lang='lat' dir='ltr'> </span> 
     </span>
    </p>
   </div>
  </div>
 </body>
</html>
