3170 5180
624 317 844 374 ..47-

261 494 398 552 Transeo
415 494 454 552 ad
472 497 496 552 A
517 510 546 570 5,
563 514 626 566 404
652 495 764 565 ‚Animi
781 494 940 574 tantorum]
961 497 1006 554 hic
1019 497 1243 570 distinguendum
1268 498 1327 555 hoc

152 610 198 658 est
221 599 350 658 virorum
375 601 500 659 fortium·
518 621 586 675 qum
620 622 740 676 aequum
775 610 917 660 uerterat
942 623 1048 676 magna
1074 605 1187 660 mirari.
1235 604 1325 662 Unde

152 707 274 765 addidit
297 715 377 778 ‚a'nte
402 727 506 767 omnes
538 719 636 784 stupet
670 709 734 785 ipse
766 711 888 772 Dares‘:
919 729 989 767 narn
1013 711 1133 768 stultum
1158 720 1202 768 est
1226 710 1325 769 dicere

151 824 313 883 ,tantorum
337 815 440 872 bourn*
458 833 526 873 curn
549 815 657 874 dixerit
680 823 816 892 septem!
862 818 968 892 Inepte
992 817 1091 874 omisit
1115 816 1236 875 brevior
1261 819 1324 875 Ser-

150 920 218 978 vius
244 921 303 986 ,hic
336 920 602 996 distinguendum,‘
638 941 705 980 cum
737 922 870 981 eiusdem
902 942 982 991 ,nam
1013 923 1133 980 stultum
1157 934 1201 982 est
1225 923 1325 982 dicere

150 1036 303 1085 tantorum
328 1027 429 1086 boum‘
455 1028 496 1087 ita
519 1047 608 1088 sensu
632 1046 751 1087 cassum
774 1029 925 1087 reddatur.
974 1029 1092 1088 Etenim
1118 1048 1178 1104 quo
1209 1041 1325 1105 spectat

149 1133 299 1209 particula
322 1134 432 1203 ‚nam‘?
456 1135 523 1210 quis
554 1135 697 1210 cogitavit
726 1136 766 1194 de
791 1146 950 1205 ‚tantorum
986 1135 1110 1193 boum‘?
1143 1154 1242 1203 nemo,
1268 1136 1324 1193 nisi

149 1240 270 1314 plenior
287 1241 405 1300 Servius
421 1241 534 1316 quippe
550 1241 602 1316 qui
619 1241 741 1311 diceret,
768 1242 817 1298 hic
834 1260 898 1300 esse
915 1241 1169 1316 distinguendum.
1218 1241 1324 1317 Neque

148 1346 242 1405 video
260 1364 321 1422 quo
348 1347 534 1422 pertineant:
560 1348 651 1418 ,unde
668 1349 785 1408 addidit
802 1359 882 1420 ,ante
898 1367 1002 1407 omnes
1019 1359 1117 1424 stupet
1129 1348 1193 1424 ipse
1207 1351 1323 1419 l)areS,‘

148 1453 210 1510 nisi
239 1453 278 1512 ad
312 1454 455 1529 plenioris
489 1455 586 1513 Servii
610 1456 719 1515 verba:
752 1474 838 1530 ,quos
868 1474 996 1530 aequum
1028 1473 1091 1512 non
1120 1466 1181 1513 erat
1214 1475 1324 1531 magna

149 1560 272 1619 mirari.⁴

260 1685 399 1761 Sequitur
414 1687 441 1742 A
459 1687 488 1756 6,
511 1688 587 1745 288:
614 1686 827 1760 ,Flammisque
851 1697 965 1744 armata
982 1666 1152 1763 Chimaera]
1184 1687 1324 1762 Typhonis

147 1798 178 1848 et
190 1791 338 1849 Echidnae
361 1811 413 1851 ore
429 1795 487 1863 le0‚
510 1794 669 1868 postremis
691 1794 825 1869 partibus
841 1793 945 1862 draco,
962 1793 1062 1851 media
1086 1811 1196 1868 caprea
1219 1812 1321 1852 secun-

148 1899 223 1956 dum
240 1900 355 1958 fabulas
372 1900 435 1960 luit.
476 1902 523 1958 Re
539 1919 609 1959 vera
632 1910 730 1958 autem
748 1919 835 1958 mons
852 1910 896 1958 est
912 1899 1045 1968 Ciliciae,
1071 1898 1154 1957 cuius
1171 1900 1322 1975 hodieque

150 2006 238 2065 ardet
261 2025 406 2065 cacumen
431 2007 512 2066 iuxta
536 2008 619 2082 quod
643 2017 711 2064 sunt
734 2007 852 2082 leones3
876 2007 976 2066 media
998 2015 1095 2064 autem
1120 2024 1233 2082 pascua
1255 2019 1323 2066 sunt

148 2132 225 2188 qaae
252 2115 358 2189 capreis
388 2115 538 2172 abundant
569 2114 630 2172 ima
653 2132 723 2172 vero
747 2113 857 2172 montis
881 2113 1068 2189 serpentibus
1092 2115 1203 2189 plena!
1243 2115 1320 2172 Iniu-

147 2219 194 2278 ria
216 2219 336 2279 brevior
351 2221 468 2280 Servius
493 2221 583 2280 verba
607 2239 693 2296 ,quae
714 2220 835 2304 'capreis
858 2221 1023 2278 abundant‘
1049 2239 1085 2278 ex
1101 2220 1236 2280 oratione
1261 2240 1320 2279 sus-

148 2327 225 2385 tulit.
263 2328 357 2401 Quod
381 2337 412 2386 ut
429 2328 630 2388 demonstrem
647 2327 833 2403 comparabo
850 2328 1040 2386 Chimaeram
1056 2345 1133 2401 quae
1156 2327 1194 2385 sit
1217 2346 1320 2385 secun-

148 2433 222 2491 dum
245 2434 378 2492 fabulam
403 2446 493 2510 atque
516 2453 595 2509 quae
619 2453 650 2494 re
673 2453 743 2493 vera
767 2453 832 2492 esse
856 2435 989 2492 dicatur:
1016 2434 1077 2504 illic
1100 2445 1264 2493 monstrum
1289 2454 1321 2493 se

148 2551 281 2615 praestat
298 2541 381 2616 (quod
398 2552 442 2600 est
459 2560 510 2600 ore
533 2543 592 2612 le0,
618 2541 777 2618 postremis
801 2541 934 2616 partibus
958 2542 1061 2612 draco,
1080 2541 1180 2599 media
1196 2559 1319 2616 caprea:

148 2647 200 2705 hic
222 2658 320 2708 autem
344 2659 389 2708 est
412 2667 499 2706 mons
523 2648 655 2718 Ciliciae,
681 2657 771 2723 atque
794 2649 884 2723 plane
908 2647 1070 2723 respondet
1093 2646 1213 2706 fabulae
1237 2648 1320 2722 quod

149 2753 232 2813 iuxta
254 2774 399 2815 cacumen
415 2756 528 2827 leones,
547 2755 578 2813 in
595 2754 747 2814 radicibus
765 2773 834 2812 vero
857 2755 966 2812 montis
979 2764 1132 2830 serpentes
1156 2764 1317 2813 versantur.

148 2861 190 2918 At
213 2861 242 2919 in
267 2863 368 2921 media
390 2873 476 2939 parte
499 2862 609 2922 montis
633 2881 745 2938 pascua
768 2862 886 2920 brevior
911 2862 1028 2920 Servius
1059 2880 1125 2920 esse
1153 2862 1213 2920 vult
1236 2862 1319 2936 quod

148 2967 273 3027 minime
296 2957 424 3044 quadrat
447 2971 487 3028 ad
510 2987 639 3028 sensum.
687 2970 792 3045 Neque
817 2969 896 3028 enim
919 2969 1070 3044 quaeritur
1092 2978 1189 3026 utrum
1213 2969 1319 3026 humus

150 3095 189 3134 an
212 3093 317 3135 saxum
340 3077 472 3152 singulas
505 3076 615 3135 montis
647 3087 745 3152 partes
778 3076 913 3146 texerint,
939 3077 992 3134 sed
1028 3076 1240 3151 exponendum
1275 3089 1319 3134 est

148 3201 239 3256 quam
263 3183 384 3241 beluam
408 3182 594 3242 inveniamus
618 3183 649 3240 in
673 3183 774 3242 medio
798 3193 915 3246 monte:
947 3183 1031 3257 quod
1061 3193 1147 3271 recte·
1165 3182 1234 3241 feeit
1258 3183 1318 3258 ple-

148 3289 216 3348 nior
239 3291 355 3350 Servius
379 3290 478 3350 verbis
502 3308 579 3366 quae
603 3289 722 3348 brevior
744 3289 883 3365 neglexit.

257 3415 294 3473 G.
313 3435 342 3486 4,
381 3417 463 3490 363:
489 3403 664 3484 ,..Lacus
699 3425 797 3472 autem
833 3413 905 3472 dicit
936 3414 1062 3472 sontium
1098 3427 1128 3474 et
1163 3415 1317 3472 fluviorum

148 3521 347 3597 receptacula.
395 3521 481 3578 Haec
505 3531 604 3580 autern
630 3539 691 3579 non
716 3531 784 3579 sunt
808 3539 861 3596 per
876 3521 1027 3596 poeticam
1051 3521 1203 3580 licentiam
1227 3520 1316 3590 dicta,

149 3628 203 3687 sed
228 3645 263 3686 ex
287 3627 444 3704 Aegyptiis
477 3637 572 3686 tracta
602 3639 670 3685 sunt
705 3627 815 3690 sacris:
846 3647 914 3684 nam
938 3629 1016 3684 certt's
1050 3629 1153 3697 diibus,
1178 3629 1208 3683 in
1231 3629 1319 3684 sacris

149 3735 211 3793 Nili
237 3733 333 3810 ,pueri
357 3735 396 3793 de
421 3735 512 3793 sacris
535 3734 708 3810 parentibus
739 3733 800 3792 nati
825 3753 844 3791 a
867 3734 1073 3793 sacerdotibus
1104 3735 1243 3809 nymphis
1267 3734 1317 3792 da·

147 3843 277 3900 bantur.‘
324 3843 359 3899 In
384 3851 523 3917 promptu
540 3852 584 3900 est
607 3860 663 3900 nos
686 3842 785 3900 verbis
809 3860 888 3910 ‚nam
907 3841 994 3900 certis
1018 3841 1134 3910 diebus,
1161 3841 1190 3897 in
1215 3841 1316 3898 sacris¹

148 3948 283 4025 indigere
313 3966 413 4024 neque
443 3947 533 4006 Thilo
562 3948 709 4006 dubitavit
732 3967 769 4007 ea
805 3948 908 4006 Servio
942 3947 1102 4006 attribuere
1135 3965 1317 4021 quamquam

147 4055 266 4131 plenior
289 4057 370 4113 solus
395 4073 431 4113 ea
455 4049 632 4132 servavit⁴⁸).

254 4162 375 4221 Deinde
399 4161 488 4220 etiam
512 4162 588 4219 haec
611 4161 892 4233 animadvertamus,
911 4177 989 4235 quae
1013 4179 1103 4235 supra
1125 4158 1203 4228 dird,¹
1224 4159 1316 4234 pleni·

254 4475 286 4550 ⁴⁸)
306 4478 339 4529 cs.
361 4479 446 4539 Thilo,
467 4478 512 4528 ed.
534 4479 602 4530 Serv.
622 4479 669 4540 111,
696 4493 705 4529 r
729 4478 762 4529 ad
781 4478 846 4528 hunc
865 4493 973 4535 versum.
