3170 5180
785 327 1007 383 „34-

315 524 342 572 2,
360 521 434 581 445,
462 523 538 579 729;
565 523 594 578 3,
613 521 677 577 470
703 512 759 562 etc.
790 505 923 579 Apparet
946 503 1035 580 igitur
1045 521 1143 579 neque
1156 502 1295 562 Thilonis
1307 501 1483 576 opinionem

311 612 459 670 firmatam
481 629 556 683 esse,
582 619 613 668 ut
635 611 733 668 valeat
757 610 796 668 ad
820 609 891 669 certi
908 610 1068 686 quicquam
1092 609 1282 668 statuendum
1305 626 1410 683 neque
1434 607 1485 665 etsi

311 718 455 793 exemplis
480 719 598 776 firmata
621 726 707 784 esset,
733 715 797 774 fieri
820 735 920 792 posse,
945 727 977 774 ut
1000 717 1190 791 colligeretur
1214 734 1281 775 eum
1307 714 1361 792 qui
1387 732 1484 791 perso·

311 825 418 883 naliter
440 824 607 900 scripsisset
630 841 666 882 eo
691 823 742 898 qui
766 823 1005 900 impersonaliter
1026 824 1210 900 superiorem
1234 841 1310 883 esse.

419 930 539 989 Deinde
574 929 630 989 etsi
661 929 761 988 variae
793 929 926 988 eiusdem
955 929 999 988 rei
1029 929 1287 1005 interpretationes
1320 946 1417 1004 saepe
1449 927 1485 984 ab

311 1047 438 1110 utroque
462 1036 565 1094 Servio
592 1035 678 1105 ,aliis‘
702 1036 750 1093 vel
775 1033 976 1110 ,quibusdam‘
1002 1035 1211 1106 attribuuntur,
1244 1045 1346 1094 tamen
1372 1035 1486 1109 aliquot

312 1143 386 1202 locis
410 1142 529 1200 brevior
552 1141 670 1200 Servius
700 1159 802 1200 eorum
835 1160 962 1216 quorum
996 1142 1158 1202 sententias
1191 1141 1323 1218 protulit,
1361 1139 1485 1200 nomina

312 1249 421 1324 posuit,
447 1248 478 1305 in
502 1248 687 1324 plenioribus
712 1257 810 1306 autem
833 1247 917 1307 libris
942 1249 1050 1308 eadem
1075 1249 1114 1309 ad
1138 1258 1236 1308 certos
1260 1257 1402 1306 auctores
1427 1265 1486 1304 non

312 1348 540 1431 revocantur¹⁸).
619 1354 738 1414 Etenim
770 1373 879 1414 novem
913 1354 997 1413 locos
1032 1355 1216 1414 enumeravit
1249 1354 1341 1414 Thilo
1377 1353 1485 1430 quibus

312 1461 405 1518 verba
428 1478 446 1519 a
470 1460 606 1519 breviore
630 1460 732 1519 Servio
756 1460 883 1520 Urbano
915 1462 963 1519 vel
992 1461 1112 1520 Donato
1146 1461 1268 1520 addicta
1300 1480 1318 1520 a
1348 1460 1486 1536 pleniore

314 1565 399 1637 ,aliis‘
424 1567 471 1625 vel
496 1567 698 1642 ,quibusdam'
724 1566 900 1626 tribuuntur.
949 1567 1047 1652 Quam
1072 1565 1271 1628 differentiam
1293 1566 1325 1624 in
1349 1585 1415 1624 uno
1440 1584 1485 1623 co·

313 1673 381 1732 dice
405 1673 588 1732 Floriacensi
612 1672 710 1732 inesse
734 1673 911 1743 monuerim,
944 1691 1013 1732 nam
1039 1673 1114 1732 nihil
1137 1691 1270 1748 unquam
1293 1673 1334 1732 de
1358 1672 1485 1730 aliorum

312 1779 454 1855 plenioris
487 1779 582 1838 Servii
614 1780 754 1838 codicum
788 1779 917 1840 lectione
950 1780 1040 1838 Thilo
1074 1775 1280 1856 adnotavit¹⁹l
1342 1780 1485 1838 Fortasse

312 1886 401 1962 igitur
417 1886 553 1944 librarius
569 1887 694 1944 nomina
711 1886 821 1956 omisit,
845 1905 907 1946 non
923 1897 1151 1948 commentator.
1200 1886 1261 1946 Sed
1278 1886 1350 1946 nolo
1369 1902 1484 1961 urgere.

313 1993 467 2051 Mittamus
491 2012 553 2052 rem
579 1992 732 2065 lubricam,
760 2012 796 2052 ex
820 2011 881 2068 qua
903 2013 942 2053 ne
964 1995 1055 2052 Thilo
1078 1993 1201 2069 quidem
1225 1993 1298 2052 certi
1322 1995 1485 2070 quicquam

313 2098 495 2158 concludere
510 2098 614 2157 voluit.
638 2101 708 2157 Hoc
722 2100 928 2174 gravissimum
941 2111 995 2170 est,
1012 2101 1095 2176 quod
1108 2100 1185 2159 inter
1196 2100 1275 2158 viros
1291 2099 1402 2158 doctos
1419 2117 1486 2157 con·

313 2215 370 2264 stat
400 2205 430 2262 in
462 2205 639 2264 testimoniis
670 2205 814 2281 plenioris
846 2206 940 2265 multo
971 2208 1115 2267 maiorem
1158 2224 1224 2266 esse
1263 2206 1355 2267 iidem
1397 2224 1484 2282 quam

313 2304 509 2387 brevioris²⁰).

420 2418 526 2492 Neque
542 2416 672 2476 alienum
690 2427 734 2476 est
757 2418 796 2476 ab
816 2419 874 2476 hac
894 2438 935 2490 re,
962 2420 1055 2495 quod,
1081 2432 1112 2479 ut
1136 2420 1178 2480 ait
1197 2420 1288 2479 Thilo
1313 2439 1383 2498 pag.
1402 2421 1483 2486 XVI,

315 2525 405 2595 ,haud
433 2524 537 2600 paucis
568 2523 642 2582 locis
675 2543 753 2600 quae
782 2525 814 2583 in
848 2527 984 2586 breviore
1017 2527 1233 2586 commentario
1257 2527 1339 2586 dicta
1363 2525 1483 2586 suntin

313 2630 498 2707 plenioribus
521 2631 604 2690 libn's
627 2631 769 2692 iterantur
784 2633 876 2708 idque
899 2633 941 2693 ita
963 2653 1025 2692 non
1043 2652 1190 2710 nusquam
1208 2644 1239 2693 ut
1263 2633 1349 2706 ,aliis‘
1375 2634 1485 2693 tributa
1558 2631 1559 2686 i

313 2738 393 2796 sint‘.

421 2845 476 2904 Cui
499 2845 606 2920 generi
624 2856 705 2906 recte
729 2848 888 2924 adscripsit
911 2851 938 2906 A
959 2869 985 2919 1,
1003 2851 1088 2925 4483
1120 2869 1147 2918 2,
1166 2850 1229 2924 348
1254 2865 1353 2922 neque
1379 2846 1483 2905 dubito

314 2953 385 3028 quin
420 2953 482 3011 iure
517 2971 553 3011 ea
584 2953 722 3028 pleniora
755 2954 840 3012 uncis
873 2953 1034 3014 incluserit.
1084 2954 1168 3012 Alios
1192 2954 1276 3012 locos
1300 2952 1484 3014 enumeravit
1557 3009 1558 3014 ,

314 3059 404 3118 Thilo
429 3059 537 3134 quibus
562 3077 623 3117 non
648 3059 791 3118 iterantur
821 3061 860 3119 ab
890 3061 950 3118 hoc
980 3079 1057 3136 quae
1087 3061 1126 3120 ab
1154 3060 1207 3119 illo
1230 3071 1399 3131 narrantur,
1433 3058 1483 3117 sed

313 3165 423 3224 similia
453 3176 627 3240 argumenta
655 3167 744 3242 plane
775 3167 899 3226 diversis
929 3168 1028 3226 verbis
1052 3169 1091 3227 ab
1115 3178 1242 3242 utroque
1265 3166 1413 3243 scriptore
1437 3185 1483 3224 ex-

313 3272 471 3347 plicantur,
506 3273 586 3332 velut
618 3274 646 3330 A
674 3294 700 3342 1,
733 3276 814 3345 462:
855 3272 1015 3352 Mortalia]
1042 3275 1184 3345 adversa,
1224 3274 1333 3350 quibus
1367 3281 1483 3332 constat
1556 3335 1557 3344 ¹

313 3379 468 3438 subiacere
492 3380 641 3438 mortales
689 3381 753 3438 Alii
782 3382 913 3440 mortales
944 3400 1024 3439 casus
1051 3384 1195 3458 accipiunt,
1227 3381 1272 3439 aul
1297 3381 1421 3439 absolute
1442 3374 1481 3440 τοὶ

313 3482 539 3572 a'vttpaimvoe‘.

420 3592 502 3651 Nihil
526 3593 626 3652 obstat
649 3595 809 3669 quominus
832 3595 907 3653 baec
931 3613 947 3653 e
971 3595 1096 3654 diversis
1113 3595 1273 3671 desumpta
1294 3604 1325 3652 ut
1349 3593 1481 3653 diversae

313 3699 565 3775 interpretationis
597 3701 763 3775 specimina
795 3720 869 3759 unus
902 3711 1122 3761 commentator
1151 3701 1314 3776 collegerit.
1368 3701 1479 3760 Eadem
1555 3687 1556 3690 ¹

314 3823 359 3864 res
391 3815 434 3864 est
461 3805 493 3863 in
522 3805 587 3864 aliis
618 3806 757 3866 Thilonis
786 3808 947 3882 exemplis:
988 3829 1014 3879 2,
1049 3829 1100 3884 99,
1132 3810 1202 3878 126,
1229 3810 1310 3881 644;
1348 3827 1378 3882 3,
1404 3807 1479 3878 466,

315 3915 344 3980 8,
369 3914 442 3983 406.
1554 3993 1555 3998 ἵ

420 4017 540 4077 Deinde
555 4019 583 4075 A
601 4020 631 4089 8,
660 4038 720 4076 220
745 4019 932 4078 brevioribus
956 4020 1054 4078 verbis
1078 4038 1157 4094 quae
1182 4030 1267 4078 sunt:
1295 4019 1479 4095 „gravatum‘

422 4312 453 4377 ¹⁸)
474 4316 560 4380 rutro,
581 4332 640 4380 pag.
661 4315 722 4364 xrv
741 4333 779 4380 sq.
1553 4285 1554 4312 ³

422 4401 451 4472 ¹⁹)
472 4405 569 4453 Dubius
588 4405 657 4453 locus
676 4406 735 4464 Aa,
760 4406 834 4466 798e
852 4405 969 4454 Parisino
992 4417 1058 4470 1750
1077 4407 1221 4472 desumptus
1240 4424 1293 4457 esse
1312 4408 1417 4458 videtur.

420 4490 453 4566 ²⁰)
473 4494 557 4553 Thilo,
579 4511 605 4560 p.
627 4494 726 4543 XXXll
745 4501 770 4544 et
788 4511 848 4560 pag.
869 4495 989 4548 XXXIV.
