3170 5180
594 323 815 385 ..5....

221 495 289 560 ‘Sed
312 499 388 562 haec
411 496 608 582 hactenus⁵⁵).
655 502 794 563 Vidimus
826 503 914 580 igitur
946 503 1120 582 saepissime
1147 501 1289 579 plenioris
1322 525 1323 530 ¹

120 608 216 666 Servii
239 610 337 668 verbis
368 611 392 667 si
426 628 545 669 sensum
569 621 738 687 spectamus
762 630 818 668 nos
841 611 966 669 omnino
990 630 1052 670 non
1076 629 1165 687 posse
1188 627 1289 668 carere

120 723 171 772 aut
195 715 375 789 quibusdam
405 707 573 775 decausis
607 716 740 778 eiusdem
764 717 856 776 verba
886 716 1074 776 inferioribus
1107 715 1290 791 temporibus

119 821 250 879 breviori
273 823 489 881 commentario
513 823 586 882 addi
608 842 671 881 non
694 823 836 898 potuisse.
872 825 973 899 Atque
991 823 1015 881 si
1033 824 1062 881 in
1079 833 1123 881 tot
1138 822 1212 880 locis
1228 839 1290 879 non

119 938 181 985 tam
206 929 244 987 de
267 929 409 1004 plenioris
434 930 527 989 Servii
552 930 764 990 additamentis
787 931 932 1006 quamde
956 929 1109 989 sententiis
1133 928 1291 1003 verbisque

120 1053 139 1091 a
162 1034 299 1094 breviore
315 1035 419 1095 Servio
442 1038 635 1112 neglegenter
651 1037 768 1120 omissis
785 1037 833 1112 agi
850 1048 961 1095 certum
978 1045 1031 1106 est,
1056 1047 1154 1094 cetera
1170 1051 1292 1109 quoque

120 1157 329 1216 quaecumque
356 1141 497 1218 plenioris
528 1153 595 1201 sunt
618 1144 690 1218 quin
715 1143 817 1202 omnia
840 1143 968 1203 eundem
999 1143 1029 1201 in
1060 1143 1183 1202 modum
1215 1139 1292 1199 acci·

119 1247 231 1323 pienda
254 1249 322 1322 sint,
347 1249 484 1309 dubitare
507 1269 569 1309 non
592 1245 712 1334 licet⁶⁸l

227 1356 322 1415 Recte
339 1373 409 1432 ergo
426 1357 603 1432 colligimus,
621 1357 835 1433 pleniorem
852 1357 1020 1417 Servium
1037 1366 1088 1414 aut
1107 1357 1293 1429 exemplar

121 1462 373 1537 archetypum
399 1481 479 1521 cum
503 1463 678 1539 amplius
703 1473 778 1521 tum
803 1463 970 1539 planius
994 1461 1185 1520 breviore
1209 1463 1292 1520 Ser·

21 1647 22 1654 ¹
120 1567 185 1626 vio
209 1585 394 1628 servasse
427 1581 476 1627 aut
508 1570 664 1628 fontem
697 1579 821 1646 atque
854 1580 1067 1628 auctorem
1091 1585 1292 1626 commen·

21 1673 22 1714 l
110 1674 217 1734 tarii
251 1675 295 1732 ab
323 1675 402 1733 illo
431 1677 650 1736 decurtati
678 1677 826 1746 fuisse,
863 1676 944 1751 quod
968 1675 1041 1733 mihi
1065 1675 1160 1749 magis
1185 1673 1294 1731 arridet

121 1800 220 1856 neque
244 1781 383 1856 cuiquam
413 1775 519 1840 mirum
543 1783 700 1842 videbitur.
749 1784 965 1857 Quoscumque
1000 1781 1080 1841 enim
1111 1779 1292 1839 scholiorum

121 1889 166 1946 vel
196 1888 384 1946 historiarum
418 1889 509 1948 libros
537 1901 649 1948 veteres
682 1889 863 1966 inspexeris,
902 1905 1006 1948 omnes
1035 1889 1072 1946 ab
1105 1885 1294 1944 inferioribus

122 1994 315 2070 scriptoribus
339 1996 509 2056 decurtatos
533 1996 676 2066 invenies
701 1997 762 2055 sere
785 2015 949 2070 numquam
973 1994 1181 2070 amplificatos.

230 2290 262 2358 ⁵⁵)
281 2291 313 2342 cf.
335 2296 392 2354 Α4,
418 2295 482 2355 ι87ς
506 2293 532 2361 8,
555 2303 620 2355 727;
643 2293 712 2342 Thil.
733 2293 785 2342 vol.
806 2293 830 2342 11
849 2309 909 2358 pag.
931 2303 980 2355 305
1000 2293 1074 2349 adn.;
1101 2303 1141 2358 rr,
1163 2293 1224 2346 622,

231 2379 263 2448 ⁵⁰)
282 2384 343 2432 ltem
365 2384 487 2447 colligunt
505 2383 529 2432 in
557 2383 612 2432 aliis
630 2383 704 2435 rebus
722 2381 800 2430 Thilo
818 2399 877 2446 pag.
899 2382 970 2430 XXV
989 2392 1013 2430 et
1033 2381 1136 2444 Georgii
1154 2397 1214 2443 pag.
1245 2381 1291 2436 u1;

127 2471 152 2519 in
172 2471 219 2520 hac
238 2479 321 2522 autem
340 2488 364 2521 re
384 2473 450 2524 idem
471 2472 529 2522 lecit
548 2473 584 2522 H.
605 2471 747 2550 Nettleship
766 2487 824 2536 pag.
848 2472 911 2532 169:
943 2471 991 2528 „lt
1006 2471 1030 2518 in
1050 2486 1120 2518 some
1140 2485 1217 2524 cases,
1239 2467 1296 2530 why

127 2567 171 2608 not
189 2561 215 2608 in
232 2558 318 2608 all?!“
358 2561 407 2623 Qui
428 2568 452 2610 et
471 2561 523 2624 ipse
542 2577 573 2608 eo
592 2561 704 2623 pervenit
723 2566 749 2608 ut
767 2559 901 2609 affirmaret
920 2577 963 2624 pg.
989 2568 1044 2622 154,
1067 2542 1157 2606 eodem
1178 2557 1227 2605 iure
1246 2572 1296 2620 quo

70 2693 73 2700 .
126 2649 232 2700 breviori
256 2650 447 2698 commentatori
465 2649 544 2698 Servii
572 2665 664 2698 nornen
692 2649 835 2697 tribueretur
865 2649 942 2698 etiam
970 2647 1075 2713 pleniori
1103 2645 1186 2694 addici
1214 2661 1295 2708 posse.

129 2739 210 2800 Atque
239 2736 289 2786 alio
321 2737 378 2786 loco
406 2739 543 2801 suspicatur
571 2737 690 2800 plenioris
719 2745 791 2801 atque
819 2737 939 2786 brevioris
967 2736 1045 2785 Servii
1074 2737 1150 2783 verba
1185 2733 1296 2782 eiusdem

127 2826 225 2888 generis
238 2841 292 2875 esse
312 2834 385 2890 atque
404 2826 467 2874 inter
484 2841 510 2874 se
528 2839 663 2890 congruere
687 2825 779 2892 (‚‚they
798 2841 839 2874 are
857 2825 1089 2889 homogeneousu).
1139 2826 1221 2887 Quam
1242 2839 1296 2872 rem

128 2930 143 2962 a
161 2914 234 2965 nobis
253 2913 330 2966 firmis
348 2915 468 2978 exemplis
485 2914 574 2966 fultam
592 2914 681 2966 habes.
