3170 5180
687 276 906 337 ..27„.

314 458 341 517 A
361 478 388 528 a,
414 462 470 531 46:
497 460 542 528 ,In
566 456 658 537 ligno]
693 461 790 519 mertia
824 461 909 536 quasi
930 459 1076 518 dissuasor
1096 459 1249 536 aclfizcraoit
1269 459 1380 536 tapino-

200 569 250 626 sin
273 569 363 626 disens
385 568 470 642 liguo,
502 561 600 628 *bene
633 567 738 643 ,ligno‘
763 568 848 644 quasi
872 563 1083 638 dissuasorie*,
1113 587 1174 625 non
1205 567 1375 632 simulacro.

202 677 357 751 infirmare
380 677 454 734 euim
478 676 540 734 uult
551 677 653 751 fictam
676 696 771 734 cirrum
794 677 953 749 religiosum
976 686 1008 734 ut
1032 676 1123 751 paulo
1155 686 1223 751 post
1257 675 1377 744 ,ducen-

203 782 280 841 dum
304 784 343 844 ad
367 783 454 842 sedes
478 783 689 842 simulacrnm‘.
736 785 815 842 Nam
839 783 869 841 in
893 782 1033 842 suasione
1050 782 1096 843 vel
1113 781 1300 841 dissuasione
1317 791 1375 840 tam

203 909 312 950 sensus
336 909 425 964 quarn
449 890 542 950 verba
565 890 811 951 considerantur‘.

315 1017 385 1075 Duo
416 1016 509 1076 Servii
543 1035 611 1076 cum
644 1017 762 1079 diversa
794 1017 1015 1093 explicaverint,
1050 1015 1139 1075 Thilo
1172 1034 1232 1073 non
1267 1014 1378 1074 debere

204 1143 311 1183 eorum
335 1123 451 1183 scholia
474 1124 617 1183 conlundi
643 1125 766 1184 censuit.
814 1126 889 1185 Inde
912 1125 992 1184 enim
1017 1124 1139 1192 orditur,
1164 1141 1232 1181 cum
1258 1122 1377 1180 dehoc

204 1242 380 1291 commento
404 1232 539 1300 disserat,
566 1232 648 1308 quod
672 1233 790 1292 brevior
813 1231 1044 1292 commentarius
1060 1249 1120 1308 quo
1144 1250 1249 1288 vocem
1275 1229 1378 1304 ,ligno‘

205 1360 226 1398 a
259 1349 349 1415 poeta
381 1349 450 1415 apte
482 1339 629 1399 delectam
662 1359 728 1400 esse
761 1341 943 1413 ostenditur,
977 1337 1120 1416 plenioris
1153 1337 1246 1396 Servii
1281 1336 1377 1394 verbis

205 1457 356 1505 auctus
389 1447 436 1516 sit,
471 1447 579 1522 quibus
611 1467 629 1506 a
661 1449 779 1507 funesta
802 1447 1010 1524 superstitione
1034 1448 1179 1504 Laocoon
1205 1464 1274 1502 suos
1298 1461 1377 1501 aver·

204 1565 274 1613 tens
301 1554 459 1613 inducitur.
507 1554 645 1629 Neglexit
669 1553 765 1630 igitur,
800 1554 963 1630 pleniorem
989 1553 1122 1612 Servium
1147 1553 1171 1611 si
1192 1572 1227 1610 ea
1251 1562 1376 1616 tantum,

205 1680 287 1736 qnae
310 1661 336 1720 ei
361 1660 525 1738 peculiaria
548 1671 624 1729 sunt,
657 1661 774 1738 legeris,
807 1680 945 1720 mancum
980 1680 1054 1729 esse,
1091 1679 1157 1718 curn
1192 1670 1271 1718 certe
1304 1658 1378 1716 illud

207 1787 280 1838 ,non
305 1769 475 1828 simulacro‘
500 1769 712 1828 desideremus.

316 1877 429 1936 Contra
442 1877 559 1952 plenior
573 1876 690 1936 Servius
707 1877 895 1953 integriorem
913 1877 999 1934 huius
1023 1874 1082 1934 Ioci
1100 1873 1375 1950 interpretationem

207 2003 342 2042 servasse
355 1984 470 2043 videtur
486 2003 575 2059 quam
585 1983 711 2042 brevior.
736 1985 790 2043 Ille
801 1984 879 2044 enim
895 1996 1012 2060 praeter
1028 1982 1147 2059 idquod
1157 1992 1280 2055 uterque
1289 1980 1378 2038 tradit

207 2108 329 2148 causam
354 2090 440 2149 huius
464 2091 675 2167 explicationis
699 2092 797 2150 verbis
823 2091 982 2155 ,infirmare
998 2091 1077 2148 enirn
1096 2136 1102 2149 .
1122 2135 1128 2148 .
1149 2097 1166 2146 .‘
1197 2107 1376 2146 commemo·

208 2197 293 2256 ravit.
343 2199 450 2275 Neque
479 2198 569 2257 video
593 2217 645 2255 cur
670 2198 794 2257 Thiloni
818 2199 891 2257 illud
917 2197 1096 2269 ,ducendum
1123 2198 1162 2256 ad
1180 2197 1267 2254 sedes
1291 2195 1377 2284 simu

207 2304 333 2362 lacntm‘
359 2306 399 2364 ad
424 2305 585 2375 ,infirmare
601 2306 680 2364 enirn
696 2351 701 2364 .
718 2352 723 2364 .
738 2310 766 2364 .‘
791 2306 960 2382 appositum
978 2323 1042 2364 esse
1066 2304 1209 2370 videatur,
1235 2301 1376 2377 quoniam

206 2411 275 2470 luce
299 2412 405 2471 clarius
423 2423 475 2483 est,
502 2413 712 2482 ,simulacrum‘
738 2414 777 2472 ad
802 2431 891 2471 unum
909 2413 982 2471 illud
1001 2412 1103 2488 ligno,
1128 2431 1189 2469 non
1206 2409 1375 2467 sinuilacro‘

207 2519 365 2593 respicere.
413 2521 572 2578 Praeterea
595 2519 864 2578 animadvertamus
887 2519 1029 2578 brevioris
1054 2518 1147 2577 Servii
1173 2518 1262 2575 verba
1285 2507 1375 2574 *..*

206 2642 287 2698 qrrae
311 2625 342 2683 in
359 2626 494 2702 pleniore
506 2626 584 2685 libro
609 2645 668 2685 non
687 2628 833 2704 leguntur,
859 2628 947 2686 facile
964 2646 999 2686 ex
1016 2626 1079 2685 eius
1095 2624 1193 2684 verbis
1218 2623 1351 2693 ‚merito
1368 2668 1374 2680 .

206 2731 301 2808 ligno*
326 2734 484 2810 desumpta
507 2753 573 2793 esse
596 2753 695 2810 posse.

314 2842 341 2898 A
361 2861 388 2912 2,
414 2857 497 2916 344:
546 2843 594 2910 ,Et
626 2839 726 2920 gener]
764 2850 873 2917 ‚gener‘
909 2841 1017 2900 dicitur
1049 2851 1077 2899 ct
1101 2840 1152 2915 qui
1176 2850 1229 2907 est,
1265 2851 1293 2898 et
1325 2838 1375 2913 qui

205 2965 273 3005 esse
297 2947 367 3020 vult,
391 2957 423 3006 ut
439 2948 486 3006 hic
511 2947 623 3007 indicat
639 2948 732 3019 locuS,
758 2950 804 3008 vel
823 2957 889 3006 carle
911 2951 1058 3007 secundum
1080 2957 1154 3023 spem
1177 2948 1269 3016 illius,·
1291 2963 1377 3019 neque

205 3054 281 3111 enim
303 3055 362 3111 iam
384 3063 449 3112 ero!
457 3075 562 3129 genem
584 3075 652 3114 nam
675 3058 734 3114 idco
748 3058 896 3114 subiunxit
907 3066 1032 3133 sponsae.
1080 3055 1127 3113 Sic
1147 3056 1250 3112 dicitur
1263 3046 1375 3110 *sicut*

205 3159 299 3220 etiam
332 3162 464 3231 maritus,
498 3163 578 3222 unde
611 3175 656 3222 est
689 3183 774 3240 ,quos
808 3183 865 3240 ego
898 3164 953 3222 sim
987 3163 1096 3222 totiens
1130 3163 1188 3220 iam
1213 3160 1375 3234 dedignata

205 3267 350 3327 maritos‘.

314 3377 413 3452 Negat
436 3375 525 3435 Thilo
561 3378 725 3436 secundum
760 3397 871 3437 morem
900 3379 1022 3456 genuini
1046 3377 1138 3437 Servii
1170 3389 1230 3435 tam
1264 3374 1374 3434 similes

205 3481 285 3539 inter
307 3501 339 3540 se
362 3482 622 3559 interpretationes
640 3484 799 3562 coniungi:
834 3505 894 3560 qua
917 3487 956 3545 de
980 3505 1010 3544 re
1034 3505 1124 3544 nemo
1148 3501 1290 3558 umquam
1315 3499 1375 3539 cer·

204 3599 268 3648 tum
296 3587 438 3648 iudicium
468 3591 606 3666 proferet.
654 3592 733 3650 Nam
766 3611 833 3651 cum
867 3593 955 3652 facile
991 3592 1176 3669 plenioribus
1209 3609 1373 3656 careamus,

205 3695 315 3754 eodem
340 3697 403 3755 iure
426 3715 463 3756 ea
486 3697 591 3756 addita
614 3717 679 3757 esse
696 3700 735 3757 ab
751 3701 810 3757 hoc
826 3709 915 3774 atque
932 3700 1044 3760 omissa
1059 3701 1098 3759 ab
1113 3701 1166 3758 illo
1182 3698 1241 3757 dici
1266 3708 1373 3774 potest.

315 3805 361 3863 De
385 3823 422 3863 eo
446 3823 566 3880 quoque
590 3805 706 3864 dubitat
729 3807 773 3865 vir
796 3807 902 3866 doctus
927 3826 998 3866 num
1032 3809 1088 3876 ,vel
1117 3813 1205 3866 certe‘
1237 3805 1311 3864 illud
1336 3804 1374 3862 ab

203 3910 274 3986 ipso
297 3911 494 3987 grammatico
510 3913 676 3989 profectum
705 3913 742 3972 sit
758 3925 847 3989 atque
864 3933 932 3989 pag.
950 3916 1054 3972 XVIII
1082 3924 1183 3972 monet
1207 3912 1374 3970 breviorem

204 4016 342 4076 Servium
366 4028 395 4076 et
418 4018 514 4094 ipsum
541 4021 597 4087 ‚vel
620 4023 709 4079 certe‘
734 4022 781 4078 vel
806 4032 865 4090 ,aut
888 4028 976 4080 certe‘
1003 4021 1146 4097 posuisse.
1196 4020 1266 4093 Qua
1289 4040 1373 4078 occa·

203 4125 293 4184 sione
324 4126 428 4184 oblata
460 4126 667 4203 ,paucissimis‘
703 4127 840 4186 Thilonis
873 4128 947 4186 Iocis
980 4129 1148 4188 addiderim
1183 4129 1258 4186 duos
1291 4129 1375 4185 locos

203 4232 316 4309 quibus
341 4243 401 4302 ,aut
425 4239 514 4293 certe*
539 4233 655 4309 scripsit
679 4234 797 4293 brevior
820 4235 936 4294 Servius
970 4253 1068 4310 neque
1104 4243 1191 4306 »,aut‘
1226 4236 1272 4294 vel
1307 4234 1373 4304 ,vel

203 4339 377 4419 praecedite
406 4337 456 4415 (ci.
481 4360 549 4416 pag.
574 4341 710 4418 XVIII):
735 4343 763 4399 A
781 4344 811 4411 6,
836 4344 898 4413 468
923 4353 1013 4417 atque
1037 4345 1063 4400 Α
1085 4363 1133 4412 10,
1160 4361 1232 4416 71¹·

314 4449 387 4524 Ag,
414 4450 469 4524 85:
494 4449 592 4525 Aegre
616 4450 671 4507 lert
691 4448 781 4510 Thilo
806 4449 889 4526 quod
913 4448 1055 4526 plenioris
1072 4449 1165 4512 Servii
1189 4449 1287 4512 verbis
1312 4451 1375 4512 bre·
