3170 5180
739 313 960 367 ,η-

266 489 383 566 plenior
419 487 537 546 Servius
571 488 674 558 voluit,
700 507 788 566 quam
813 489 852 546 ad
877 507 944 547 eum
970 489 1020 564 qui
1051 489 1296 548 commentarium
1313 505 1436 562 compo·

267 595 332 668 suit,
358 614 425 654 cum
450 596 587 654 breviore
612 596 714 654 Servio
740 614 923 656 revocamus.

376 703 435 760 Sed
460 702 548 760 etiarn
575 703 671 760 Varro
707 701 745 780 (A
759 722 789 775 4,
808 703 880 780 167)
915 703 954 761 de
990 703 1120 778 antiquis
1143 703 1328 779 temporibus
1363 700 1437 759 dicit

267 829 322 886 per
334 809 541 884 imperfectum
561 809 771 886 ,accipiebant'
796 829 894 886 neque
907 809 991 868 aliter
1008 811 1123 886 plenior
1140 811 1258 870 Servius
1276 810 1436 877 ,solebant‘

268 917 394 994 scripsit,
430 935 497 974 cum
524 917 697 992 explicaret,
734 918 928 992 quamobrem
954 917 1038 994 pueri
1072 929 1161 994 atque
1184 918 1303 993 puellae
1327 936 1436 992 aquarn

268 1043 345 1100 quae
374 1023 465 1099 ipsius
499 1024 684 1098 temporibus
718 1025 828 1100 nuptiis
852 1024 1001 1095 intererat,
1042 1025 1113 1083 olim
1149 1024 1326 1083 hausissent.
1377 1023 1437 1080 Ple·

267 1131 333 1188 nior
358 1131 436 1189 enini
462 1131 579 1190 Servius
604 1151 665 1189 non
689 1131 728 1189 de
752 1131 895 1190 brevioris
920 1132 1013 1190 Servii
1039 1143 1089 1190 aut
1112 1131 1204 1208 ipsius
1229 1141 1335 1190 aetate*
1356 1131 1438 1187 locu·

267 1249 313 1296 tus
339 1249 391 1307 est,
417 1238 471 1296 sed
496 1238 541 1322 de¹
571 1257 606 1296 ea
641 1239 724 1296 cuins
750 1239 997 1298 consuetudinem
1033 1239 1195 1315 nuptialem
1226 1238 1314 1296 etiam
1339 1239 1439 1294 Varro

268 1345 412 1404 tractavit.

375 1456 474 1528 Atque
499 1454 574 1512 haec
604 1453 742 1512 Thilonis
778 1455 937 1514 hactenns:
963 1453 1022 1512 iam
1059 1453 1097 1512 ad
1121 1453 1307 1529 propositum
1343 1469 1439 1510 rever·

269 1573 376 1620 tamur.

375 1667 495 1726 Plenior
519 1668 638 1726 Servius
663 1671 733 1738 Aa,
752 1687 808 1741 141
834 1669 910 1726 haec
941 1667 1073 1744 scripsit:
1101 1667 1181 1742 ,quin
1215 1676 1245 1725 et
1280 1666 1441 1743 pontifices

269 1775 382 1843 dicunt,
417 1775 540 1850 singulis
565 1775 682 1834 actibus
707 1773 843 1851 proprios
860 1775 934 1833 deos
959 1781 1116 1850 praeesse.⁴

377 1881 475 1940 Nemo
500 1882 628 1958 ignorat,
654 1893 813 1959 postquam
838 1882 1053 1941 Constantinus
1078 1881 1257 1940 christianae
1282 1882 1351 1940 fidei
1388 1882 1439 1940 ad·

270 1989 368 2047 dictus
393 1989 457 2056 suit,
484 2009 618 2064 paganos
644 1989 720 2047 sicut
754 1990 855 2064 paullo
892 1999 980 2048 antea
1015 1989 1193 2048 christianos
1226 1989 1362 2047 homines
1400 1990 1441 2047 ab

271 2096 500 2172 imperatoribus
534 2097 634 2155 vexari
666 2106 791 2172 coeptos
816 2115 888 2155 esse.
904 2091 943 2171 i⁵)
990 2097 1089 2170 Quam
1125 2097 1332 2154 crudelitatem
1367 2115 1439 2153 cum

272 2203 496 2272 Constantinus,
522 2204 682 2273 Constans,
697 2204 934 2273 Valentinianus,
965 2213 1027 2261 tum
1040 2203 1231 2262 Theodosius
1244 2197 1282 2280 76)
1299 2203 1440 2262 exercuit.

271 2312 377 2386 Itaque
401 2311 488 2370 valde
507 2311 611 2383 dubito
634 2330 704 2370 nurn
721 2311 745 2370 is
770 2312 821 2386 qui
842 2330 877 2370 ea
896 2330 974 2386 qnae
991 2329 1080 2387 snpra
1092 2310 1235 2387 exscripsi
1260 2311 1441 2387 composuit,

271 2417 303 2475 id
327 2428 433 2494 postea
458 2418 555 2476 iacere
580 2437 669 2476 ansus
693 2418 739 2476 sit.
751 2413 787 2496 ⁷⁷)

381 2525 501 2584 Deinde
524 2535 642 2584 constat
654 2519 692 2602 ²⁸)
726 2525 806 2584 haud
829 2526 922 2584 multo
947 2537 1014 2601 post
1052 2545 1162 2585 annum
1186 2524 1445 2603 quadringentesi-

276 2651 355 2691 mum
372 2632 465 2690 libros
483 2633 646 2708 Sibyllinos
671 2653 688 2690 a
713 2633 877 2692 Stilichone
902 2633 1020 2693 Rornae
1044 2643 1192 2692 crematos
1218 2651 1293 2703 esso,
1319 2644 1350 2690 nt
1372 2634 1444 2690 Pru-

273 2740 354 2799 dent.
381 2740 475 2798 Clem.
501 2741 612 2815 Apoth.
639 2759 702 2815 439
727 2734 845 2816 sqq.⁷⁹)
869 2740 962 2804 dicit:

382 2849 460 2916 ,Non
485 2847 617 2923 tripodas
641 2847 756 2905 cortina
779 2847 862 2923 regit,
887 2866 948 2906 non
984 2858 1102 2924 spumat
1126 2849 1259 2906 anhelus,

381 2957 455 3013 Fata
489 2953 642 3028 Sibyllinis
673 2953 820 3012 fanaticus
844 2955 924 3014 edita
947 2955 1030 3014 libris
1053 2987 1095 2999 ‹-

380 3064 500 3121 Mortua
528 3062 586 3118 iam
623 3071 723 3120 mutae
746 3062 848 3137 lugent
871 3063 992 3120 oracula
1016 3063 1130 3121 Cumae
1154 3066 1207 3104 -Λ

381 3169 459 3227 Fieri
511 3167 601 3242 igitur
635 3151 705 3228 non·
733 3169 829 3244 potuit
864 3170 934 3244 quin
971 3169 1026 3228 etsi
1062 3169 1245 3245 exemplaria
1291 3167 1446 3238 extabant,

275 3275 395 3352 publice
425 3275 650 3334 consulerentur
673 3275 740 3335 libri
766 3276 913 3351 Sibyllini.

382 3385 462 3459 Ergo
473 3394 541 3442 ante
552 3384 611 3442 hoc
619 3394 736 3460 tempus
749 3383 802 3441 fnit
813 3383 930 3442 Servius
943 3383 1059 3460 plenior
1073 3384 1195 3460 ,qnippe
1208 3383 1259 3458 qui
1269 3383 1308 3460 (A
1322 3402 1351 3457 3,
1367 3381 1449 3466 W)

276 3615 593 3624 Ἥ

384 3787 416 3860 ⁷³)
436 3791 467 3849 cf,
494 3791 598 3858 Becker,
619 3790 695 3840 Rom.
716 3789 987 3857 Altertuner1t⁷‚r37
1007 3807 1062 3856 sqq.

389 3877 421 3949 Μ)
442 3883 492 3931 Th.
514 3881 573 3940 Birt,
596 3882 627 3930 de
646 3881 756 3930 moribus
781 3879 921 3929 christianis
939 3889 1057 3945 quantum
1078 3879 1224 3928 Stilichonis
1244 3886 1325 3927 aetate
1345 3877 1370 3927 in
1391 3878 1450 3928 aula

278 3971 436 4036 imperatoria
456 3971 606 4020 occidentali
627 3969 748 4018 valuerint
767 3970 902 4034 disputatio
934 3969 1058 4031 Marburgi
1083 3968 1159 4035 1885,
1178 3984 1237 4031 pag,
1259 3967 1328 4016 Vlll.

385 4057 419 4126 Π)
439 4061 531 4109 Multos
559 4060 626 4108 idem
647 4059 791 4122 composuit
819 4059 941 4107 eiusmodi
961 4059 1039 4114 locos,
1062 4066 1087 4105 ut
1106 4057 1207 4119 A1,17;
1231 4071 1323 4125 2‚202;
1348 4069 1447 4122 2,325;

279 4147 366 4214 3‚85*;
390 4163 467 4213 s,90;
501 4147 613 4211 32279'3
637 4145 730 4210 4.58*;
753 4150 849 4209 4.262;
872 4149 966 4211 4‚609;
994 4147 1071 4215 5,84;
1096 4146 1189 4208 &2883
1214 4158 1325 4209 10,541;
1352 4162 1447 4211 11‚19;

282 4240 371 4304 ¹¹,76;
408 4251 518 4301 12.139;
557 4249 664 4302 12‚492;
694 4237 723 4284 B·
754 4250 834 4302 nrm
871 4246 947 4300 52⁰³
976 4247 1055 4303 5‚75;
1087 4247 1163 4302 7‚2¹³
1197 4236 1277 4304 &825
1310 4237 1343 4286 G·
1369 4251 1446 4300 1.14;

283 4339 375 4390 r,15r;
398 4342 477 4388 4243
500 4337 592 4393 4520,
614 4325 718 4375 laci.
740 4326 862 4391 Thomas,
879 4343 938 4390 pag.
964 4339 1021 4386 ¹24·

386 4414 417 4482 ⁷⁸]
438 4417 469 4468 cl.
490 4417 591 4483 Becker,
613 4417 657 4475 IV,
676 4428 737 4478 300.

387 4503 419 4574 Ν)
438 4506 469 4560 ci,
489 4505 530 4556 Cl.
559 4505 645 4555 Rutilii
665 4506 696 4554 de
716 4504 795 4555 reditu
815 4521 859 4556 suo
879 4505 959 4554 itiner.
981 4505 1062 4572 II‚52.
