3170 5180
604 331 825 406 -15-

127 509 281 587 scripserit
291 504 346 588 80);
374 511 467 580 ‚cuius
484 511 525 570 rei
541 510 698 586 vestigium
723 519 767 569 est
790 511 873 586 quod
896 511 1048 586 hodieque
1072 509 1244 585 quindecim
1262 509 1301 565 vi·

127 635 229 676 rorum
266 617 388 676 cortinis
417 618 566 694 delphinis
591 618 621 676 in
645 637 762 675 summo
786 617 906 692 ponitur
929 628 958 675 et
982 617 1078 694 pridie
1101 635 1190 692 quarn
1215 615 1301 674 sacri-

127 725 229 784 ficium
258 724 370 784 faciunt
396 771 421 784 ..
447 725 518 802 quia
542 725 713 802 quindecim
737 724 790 782 viri
814 725 956 783 librorum
983 723 1197 800 Sibyllinorum
1233 733 1300 780 suut

127 832 295 890 antistites!

238 939 330 998 Haud
355 941 448 998 multo
471 939 590 1016 longius
614 949 753 1015 praetura
776 939 890 998 urbana
913 937 1083 1014 perduravit
1109 957 1186 1014 quae
1210 937 1299 1014 irnpe-

128 1045 175 1103 rio
194 1033 340 1104 'Romano
365 1046 465 1106 deleto
502 1047 615 1106 abolita
640 1040 745 1124 est⁸¹):
781 1047 900 1123 plenior
935 1056 1032 1104 autem
1058 1046 1175 1104 Servius
1210 1046 1314 1114 hahet

129 1154 297 1226 A8‚276:
324 1172 432 1230 ,neque
468 1155 528 1213 alia
561 1154 667 1212 fronde
696 1149 775 1235 (scil.
803 1153 858 1211 nisi
883 1153 978 1231 lauro)
1013 1153 1178 1212 circumdat
1213 1162 1302 1228 caput

128 1269 250 1344 praetor
272 1261 413 1332 urbanus,
439 1260 491 1336 qui
515 1262 633 1319 Graeco
657 1261 712 1320 ritu
737 1260 904 1320 sacrificat‘.

237 1369 416 1444 Lupercalia
440 1379 537 1428 autem
562 1387 639 1444 quae
654 1377 878 1426 commemorat
914 1367 993 1426 idern
1029 1365 1069 1441 (A
1084 1371 1112 1438 8,
1128 1368 1223 1444 343):
1260 1377 1301 1437 ,ut

129 1475 282 1550 hodieque
305 1475 378 1534 nudi
402 1483 530 1534 currant
545 1474 620 1552 (scil.
640 1475 670 1533 in
687 1468 898 1557 lupercalibus)
913 1493 992 1533 anno
1010 1477 1083 1534 VID
1107 1495 1125 1533 a
1150 1475 1273 1533 Gelasio
1288 1477 1301 1532 Ι

129 1582 276 1658 episcopo
309 1593 421 1642 mutata
446 1601 511 1641 esse
534 1576 719 1665 novimus⁸²)
744 1582 775 1639 in
798 1581 914 1640 Mariae
938 1582 1150 1658 expiationem.

179 1701 190 1723 ⁰
238 1691 331 1747 Porro
355 1689 497 1765 inspicias
515 1691 541 1746 A
553 1710 582 1762 4,
600 1705 676 1760 242:
704 1691 752 1758 ,Et
768 1689 918 1764 hodieque
932 1700 992 1747 tarn
1017 1689 1192 1772 athletarum
1210 1707 1299 1764 quam

129 1796 331 1872 gladiatorum
358 1796 521 1855 certamina
544 1795 628 1871 virga
661 1796 856 1854 dirimuntur‘.
905 1796 1065 1870 Quaeritur
1088 1795 1175 1872 igitur
1196 1773 1300 1872 'quam

129 1903 171 1961 ad
195 1913 324 1962 aetatem
337 1897 377 1980 ⁸³)
400 1903 600 1979 gladiatorum
625 1903 789 1962 certamina
813 1905 931 1987 Rornae
956 1914 1046 1978 atque
1077 1903 1107 1962 in
1139 1903 1301 1979 provinciis

130 2009 299 2070 extiterint:
339 2011 403 2068 ludi
426 2009 596 2085 gladiatorii
625 2021 733 2080 autem,
760 2010 784 2068 si
808 2004 1092 2086 Friedlaendero⁸⁴l
1117 2011 1168 2085 qui
1192 2011 1231 2068 de
1255 2011 1301 2068 his

130 2117 222 2174 rebus
259 2117 319 2193 egit
353 2117 428 2176 fides
451 2118 587 2188 habetur,
613 2117 643 2175 in
668 2117 782 2177 oriente
806 2127 910 2194 quarto
934 2117 1053 2175 saeculo
1077 2128 1203 2177 exeunte
1238 2118 1301 2175 fieri

131 2223 289 2282 desierunt
323 2242 422 2300 neque
462 2225 556 2283 multo
591 2223 709 2300 longius
745 2225 775 2282 in
800 2224 960 2282 occidente
995 2224 1067 2282 editi
1091 2234 1175 2283 sunt:
1201 2225 1302 2299 itaque

131 2349 170 2388 ex
198 2331 255 2389 hac
279 2349 401 2408 quoque
425 2350 456 2390 re
480 2331 614 2406 sequitur
638 2331 802 2407 pleniorem
828 2331 960 2390 Servium
986 2342 1065 2396 certe
1090 2342 1159 2390 ante
1190 2321 1300 2390 annum

130 2439 188 2495 LD
212 2437 375 2514 scripsisse.

240 2545 323 2604 Idem
362 2545 480 2604 Servius
514 2563 612 2621 pauca
651 2547 689 2604 de
732 2546 857 2622 imperio
893 2547 1034 2604 Romano
1069 2546 1180 2622 profert
1215 2546 1300 2621 quasi

130 2650 221 2710 etiarn
259 2661 331 2710 tunc
355 2652 427 2710 illud
453 2662 545 2712 extet:
571 2651 622 2728 (G.
641 2652 753 2727 1‚102)
778 2671 853 2723 ,esse
877 2652 965 2712 etiarn
993 2655 1127 2729 Gargara
1151 2653 1299 2712 civitatem

129 2758 161 2816 in
186 2759 338 2818 radicibus
356 2760 428 2818 ldae
448 2759 556 2818 montis
571 2759 601 2816 in
617 2760 772 2835 provincia
789 2760 905 2818 Moesia
918 2749 1028 2818 vAsiae‘
1053 2759 1143 2842 eth.
1164 2782 1189 2835 1,
1208 2761 1298 2838 roql:

129 2875 173 2937 ,et
189 2866 269 2942 apud
297 2866 435 2942 antiquos
453 2876 482 2925 et
504 2866 657 2942 hodieque
681 2867 710 2924 in
735 2867 883 2942 aliquibus
908 2862 1152 2946 provinciis.‘.⁸·'’)

239 2973 339 3031 Alium
363 2973 523 3032 terminum
548 2984 617 3033 ante
641 2974 904 3056 quem-scripserit
927 2975 1044 3050 plenior
1065 2975 1193 3046 Servius,
1218 2993 1300 3052 repe·

134 3081 175 3138 rit
202 3074 395 3158 Thomas.⁸⁰)
431 3081 508 3138 Nam
538 3081 575 3140 G.
603 3101 628 3151 1,
657 3083 715 3138 262
750 3080 997 3140 commemoravit
1032 3082 1176 3151 Altinum,
1217 3083 1300 3157 quod

127 3186 277 3263 oppidum
306 3187 414 3246 scimus
438 3207 518 3246 anno
543 3188 624 3246 DCL
649 3207 713 3247 esse
736 3189 875 3246 deletum.

239 3296 302 3354 Iam
327 3293 474 3353 inanimo
498 3295 587 3353 nobis
617 3305 662 3353 est
684 3314 736 3353 eos
760 3296 844 3353 locos
868 3313 1042 3354 enumerare
1067 3296 1175 3372 quibus
1205 3297 1301 3372 agitur

124 3403 167 3462 de
192 3401 295 3460 statuis
320 3401 438 3478 templis
463 3402 663 3461 monumentis
692 3421 778 3478 quae,
815 3412 847 3460 ut
877 3402 995 3478 plenior
1019 3403 1137 3462 Servius
1161 3404 1298 3474 affirmat,

234 3720 270 3787 m)
289 3720 322 3771 cf.
342 3721 465 3788 Thomas¹
486 3735 545 3784 pag,
568 3733 626 3781 124.

234 3824 270 3894 ⁸¹)
288 3827 320 3884 cl,
339 3827 442 3886 Becker,
463 3828 516 3890 11‚3
536 3843 563 3892 p.
584 3829 646 3876 260.

235 3931 267 4003 81)
286 3934 319 3984 cf.
340 3935 442 3994 Becker,
464 3936 508 3994 IV,
530 3935 592 3994 406.

234 4039 266 4110 88)
286 4043 345 4091 Non
375 4043 457 4100 video,
489 4059 530 4092 cur
555 4043 658 4106 Georgii
677 4044 747 4107 (pag.
769 4039 860 4112 21l22)
888 4060 917 4092 er
936 4043 983 4092 hac
1003 4045 1167 4094 adnotatione
1186 4045 1297 4111 colligat,

122 4132 264 4197 pleniorem
293 4131 405 4181 Servium
437 4132 550 4181 australis
581 4133 689 4196 regionis
721 4133 830 4182 incolam
863 4132 947 4197 luisse,
977 4134 1097 4197 quoniam
1126 4134 1150 4182 in
1181 4135 1299 4184 omnibus

122 4221 260 4287 provinciis
280 4221 376 4284 imperii
395 4221 503 4270 Romani
522 4221 559 4270 illi
578 4221 630 4270 ludi
650 4221 707 4270 lacti
727 4229 792 4272 sunt.

154 4331 158 4338 ’
234 4324 266 4395 ⁸⁴)
287 4327 512 4392 Sittengeachichte
535 4329 613 4380 Roms
632 4329 665 4388 ΙΙ,
678 4342 732 4388 4²0
750 4345 788 4393 S‘l·

233 4413 266 4480 aa)
285 4417 319 4466 cs·
341 4419 365 4464 Α
380 4417 460 4480 Μὴ
481 4427 506 4466 et
527 4429 549 4478 7,
577 4417 635 4466 188.

232 4501 266 4574 ⁸⁶)
285 4505 320 4556 cs.
342 4521 403 4571 pag.
426 4515 468 4570 52.
