3170 5180
636 311 855 374 -n—

154 494 388 555 memorandum
413 513 478 554 esse
510 505 582 572 puto
607 513 625 554 a
647 494 784 554 breviore
807 495 910 554 Servio
941 514 1054 572 paucos
1086 494 1244 572 scriptores
1268 515 1331 554 eos-

153 622 216 678 que
242 621 350 662 aureae
377 621 455 677 quae
479 613 602 661 vocatur
626 603 789 661 litterarum
814 603 918 661 aetatis
948 597 1115 680 laudari³⁸),
1147 622 1165 661 a
1197 603 1332 678 pleniore

151 720 256 768 autem
281 710 414 768 omniurn
439 711 500 768 sere
524 709 710 785 superiorum
735 720 902 785 temporum
927 704 1137 786 scriptores29).
1180 710 1333 783 Quocirca

151 827 239 892 patet
272 817 439 892 pleniorem
474 816 607 876 Servium
637 817 784 891 permulta
815 835 851 875 ex
882 817 1022 876 omnibus
1055 818 1116 875 sere
1149 815 1332 893 temporibus

153 918 401 1003 congessisset),
426 923 593 982 breviorem
618 941 716 999 pauca
740 924 971 999 deprompsisse.

267 1049 302 1106 ld
327 1058 426 1108 autem
451 1049 609 1124 plurimum
633 1049 713 1107 valet
737 1048 819 1123 quod
843 1050 961 1125 plenior
983 1049 1110 1120 Servius,
1135 1067 1203 1107 cum
1228 1050 1332 1106 multo·

152 1173 221 1212 rum
253 1155 361 1214 multas
392 1155 550 1231 opiniones
581 1155 620 1213 ad
644 1155 773 1214 eundem
805 1157 908 1214 afferat
931 1157 1030 1228 locum
1055 1157 1085 1214 in
1109 1157 1248 1214 omnibus
1272 1157 1333 1214 sere

156 1261 249 1320 rebus
274 1263 459 1338 explicandis
478 1261 643 1332 contendit,
668 1271 699 1319 ut
722 1273 839 1338 praeter
862 1262 892 1321 id
921 1264 1004 1338 quod
1031 1283 1190 1322 commune
1214 1264 1241 1322 ei
1265 1282 1333 1320 curn

152 1368 294 1426 breviore
318 1368 421 1426 Servio
446 1377 499 1438 est,
525 1367 783 1442 quamplurimas
812 1368 1080 1444 interpretationes,
1107 1369 1331 1446 explicationes,

150 1475 341 1534 narrationes
371 1472 508 1550 'undique
532 1461 705 1550 desumptas
731 1476 870 1535 cumulet.
918 1478 1009 1534 Velut
1032 1478 1158 1551 legimus
1184 1480 1209 1534 A
1231 1495 1330 1550 1,77:

153 1579 344 1659 ,Explorarel
380 1581 561 1654 deliberare;
594 1581 729 1656 superius
763 1599 894 1656 namque
927 1583 1019 1640 nrulta
1042 1593 1223 1658 poposcerat
1244 1585 1331 1658 Juno.

152 1689 228 1746 Hoc
251 1706 322 1764 ergo
347 1688 438 1748 dicit:
464 1699 546 1747 tuum
570 1700 615 1747 est
637 1688 816 1757 deliberare,
841 1689 914 1764 quid
931 1689 1013 1748 velis
1050 1691 1113 1747 Aret
1133 1698 1202 1748 certe
1224 1691 1335 1765 aperire

152 1795 204 1853 vel
220 1805 353 1871 pensare,
377 1797 461 1871 quale
482 1799 521 1854 sit
541 1797 717 1854 desiderium.
758 1796 822 1853 Alii
842 1797 990 1871 explorare
1005 1797 1090 1874 Jovis
1112 1799 1261 1866 ariimnne‚·
1284 1804 1337 1854 ant

150 1910 224 1960 certe
246 1902 417 1978 ,explorare‘
441 1905 597 1978 explanare
606 1925 615 1974 ,·
639 1911 693 1960 ant
713 1911 781 1976 certe
816 1910 946 1972 statuere,
971 1924 1010 1960 nn
1049 1923 1169 1979 aequum
1192 1906 1237 1972 sit,
1261 1904 1339 1978 qnod

144 2011 234 2085 petis,
267 2017 332 2066 tuns
364 2012 436 2068 enirn
468 2012 514 2067 hic
541 2011 623 2068 labor
649 2017 709 2068 est!
756 2013 855 2085 Atque
879 2011 909 2068 in
934 2012 1039 2086 quavis
1063 2012 1175 2087 pagina
1199 2011 1334 2069 videmus

155 2115 222 2174 eius
247 2117 495 2175 commentarium
519 2117 550 2174 in
574 2118 655 2174 hunc
679 2117 802 2176 modum
827 2135 891 2176 esse
915 2119 1050 2176 farctum.
1091 2119 1161 2191 Quo
1185 2119 1334 2194 pertinent

153 2203 247 2280 etiarn
272 2222 363 2280 haec:
401 2226 427 2280 A
450 2243 475 2293 1,
503 2228 582 2298 706:
622 2225 669 2293 ,Et
692 2225 802 2299 pocula
832 2222 956 2302 ponant}
989 2226 1154 2283 secundum
1179 2225 1332 2303 antiquum

153 2330 276 2387 locutus
301 2341 344 2388 est
369 2349 492 2400 morem,
526 2332 596 2405 qnia
629 2332 765 2388 veteribus
797 2351 852 2388 non
881 2333 911 2388 in
935 2351 1037 2389 manns
1061 2333 1206 2390 elabantur
1220 2331 1334 2406 poeula,

153 2436 209 2492 sed
228 2438 328 2494 mensis
351 2439 569 2513 apponebantur,
601 2446 634 2495 nt
654 2438 786 2512 hodieque
809 2438 890 2512 apud
902 2439 1001 2512 plnres
1026 2439 1128 2513 poesela
1153 2439 1182 2494 in
1205 2439 1335 2494 canistris

155 2544 297 2616 argenteis
319 2543 510 2618 adponuntur,
533 2563 607 2619 piene
629 2546 754 2601 canistra
777 2545 894 2600 siccerin
919 2545 1070 2602 ‹nenntnrf
1101 2544 1170 2602 Vile
1194 2554 1238 2602 est
1261 2543 1334 2600 illud

155 2647 304 2706 brevioris
338 2649 431 2707 Servii
465 2667 563 2724 neque
587 2649 642 2707 viri
665 2649 748 2707 docti
771 2650 994 2709 commentatio¹
1043 2651 1223 2709 Docendum
1254 2650 1334 2708 enim

157 2764 222 2814 erat
253 2775 312 2830 quo
345 2755 408 2814 iure
431 2757 470 2815 de
506 2757 630 2832 antiquo
661 2775 744 2815 more
766 2757 813 2815 vel
844 2757 900 2814 ritu
923 2758 1079 2828 diceretur,
1112 2777 1178 2815 cum
1203 2769 1334 2816 veterum

157 2863 347 2922 consuetudo
396 2863 602 2938 explicaretur,
642 2875 732 2938 atque
771 2865 1039 2926 demonstraretur:
1089 2866 1172 2940 quod
1219 2865 1336 2941 plenior

157 2968 277 3027 Servius
317 2979 348 3026 ut
386 2969 443 3040 hic,
485 2970 525 3028 ita
548 2970 613 3028 aliis
653 2970 728 3029 locis
752 2971 832 3029 secit.
882 2971 1027 3030 Conferas
1052 2971 1232 3046 igiturrla,
1256 2975 1332 3028 108:

161 3075 273 3151 ,Saepe
321 3075 420 3150 sugam
471 3072 578 3158 Danai]
628 3078 687 3135 hoc
732 3078 898 3136 secundum
949 3079 1114 3137 Homerum
1160 3097 1262 3136 verum
1292 3093 1335 3136 est
1389 3077 1393 3084 '

159 3181 243 3258 apud
285 3203 366 3258 quern
410 3184 510 3240 snndet
558 3185 752 3259 Aganremnon
806 3185 923 3242 Graecis
972 3186 1063 3242 relicte
1112 3186 1180 3243 belle
1221 3186 1334 3260 fregere.

159 3289 207 3346 Et
241 3295 274 3346 nt
301 3290 430 3346 ostendat
457 3297 577 3366 propter
605 3290 704 3347 bellntn
735 3291 849 3365 fregere,
889 3292 933 3347 αἱ)
969 3293 1086 3366 ,cupiere
1118 3311 1172 3350 eron
1198 3293 1336 3359 ‚vetarer

165 3397 205 3453 cf.
230 3397 258 3452 A
276 3397 305 3465 6,
332 3398 404 3470 663.

271 3501 361 3561 Cuius
386 3503 428 3562 rei
451 3521 556 3561 causas
580 3515 610 3561 ut
635 3505 844 3572 deliberemus,
870 3523 937 3562 curn
961 3505 1020 3562 hoc
1044 3505 1181 3563 concedo
1206 3505 1336 3579 aliquem

160 3608 280 3684 singula
303 3611 451 3684 quaedam
487 3610 570 3668 libris
607 3611 752 3668 consectis
785 3621 874 3685 atque
906 3611 1081 3686 compositis
1110 3613 1221 3669 addere
1250 3611 1337 3668 sacile

162 3715 309 3792 potuisse,
335 3725 396 3773 tum
422 3716 453 3776 id
476 3716 549 3774 mihi
573 3715 633 3775 veri
658 3718 746 3792 plane
770 3736 835 3776 esse
859 3717 1002 3776 dissimile
1018 3718 1134 3777 videtur
1156 3737 1336 3792 quemquam

161 3833 247 3881 tanta
276 3821 429 3882 industria
454 3823 573 3882 enixum
597 3843 662 3883 esse
686 3836 717 3883 ut
740 3835 784 3883 tot
806 3824 956 3899 tantisque
980 3825 1224 3883 adnotationibus
1248 3835 1338 3898 atque

162 4071 483 4081 ...--·.---...-

274 4281 306 4351 ³⁸)
326 4285 420 4340 Thom.
439 4300 498 4349 pag.
523 4285 581 4335 186.

273 4371 309 4440 ⁸⁰)
328 4375 423 4422 Thom.
445 4391 504 4439 pag.
529 4376 571 4441 56,
593 4375 635 4439 85,
662 4386 720 4438 115.

273 4459 306 4527 ⁴⁰)
327 4462 422 4512 Thom.
442 4479 503 4531 pag.
527 4463 584 4514 128.
636 4464 646 4486 ⁸
