3170 5180
597 305 818 370 ng...

120 485 285 562 sumpserit
302 487 421 548 brevior
438 487 556 548 Servius
580 497 609 548 et
633 485 661 549 *.
677 484 703 549 .*
727 509 762 550 ea
785 491 913 550 breviter
928 491 1092 550 narraverit
1108 509 1185 568 quae
1202 491 1296 550 noluit

119 595 293 652 accuratius
317 597 435 656 referre.

236 722 312 790 Ar,
340 725 394 795 78:
420 723 479 792 ,Tu
503 721 574 780 mihi
600 723 802 799 quodcunque
825 724 884 782 hoc
907 721 1001 802 regni]
1026 724 1114 783 rediit
1136 725 1176 783 ad
1199 723 1296 801 physi-

120 846 195 885 cam
231 827 386 888 rationem.
435 830 512 888 Nam
548 840 645 888 motus
673 831 758 898 aeris,
783 831 814 890 id
839 841 883 890 est
903 831 1039 907 Junonis,
1075 841 1180 891 ventos
1204 841 1295 901 creat,

120 935 236 1010 quibus
260 937 372 994 Aeolus
403 948 530 1012 praeest.
578 937 718 996 Dicendo
748 950 846 998 autem
880 940 1104 1015 ,quodcunque‘
1136 949 1185 997 aut
1218 958 1295 996 vere·

120 1043 226 1102 cunde
254 1041 304 1111 ait,
336 1062 373 1102 ne
403 1044 538 1103 videatur
568 1045 718 1120 adrogans
742 1054 796 1104 aut
815 1047 884 1122 quia
907 1047 964 1121 ipse
986 1065 1039 1104 rex
1060 1047 1111 1104 sub
1133 1047 1224 1103 alieno
1247 1048 1296 1103 im-

114 1151 204 1225 perio
226 1158 267 1208 erl
288 1161 339 1209 aut
363 1152 489 1211 latenter
505 1171 601 1227 paene
625 1151 740 1210 iocatur
757 1163 857 1228 poeta,
882 1151 948 1228 quis
971 1152 1050 1211 enirn
1068 1163 1166 1229 potest
1183 1162 1297 1223 ventos,

121 1256 157 1314 id
184 1266 229 1314 est
252 1276 314 1315 rem
338 1256 458 1316 inanem
483 1258 601 1317 tenere?
647 1259 861 1334 ,Quodunque‘
896 1278 961 1333 crgo
992 1261 1071 1334 quod
1100 1260 1204 1329 ,clauso
1234 1278 1297 1316 uen-

121 1370 220 1422 torum
233 1381 339 1422 carcere
362 1372 466 1440 regno‘,
491 1385 539 1424 nec
559 1369 589 1424 in
612 1386 673 1426 meo
698 1386 785 1424 manu
807 1375 848 1425 est
868 1369 926 1425 nisi
947 1369 1021 1425 iusso
1043 1374 1136 1426 uentos
1158 1369 1297 1425 emittere!

234 1508 337 1566 Verba
371 1508 422 1567 illa
451 1509 594 1585 plenioris
635 1521 724 1585 atque
765 1510 908 1568 brevioris
945 1509 1037 1568 Servii
1068 1509 1220 1580 ,Dicendo
1238 1557 1244 1568 .
1264 1556 1296 1568 ..

122 1622 230 1690 poeta‘
263 1615 387 1674 Thiloni
416 1635 478 1674 non
506 1627 575 1693 apte
599 1617 767 1693 composita
797 1637 862 1676 esse
893 1617 1039 1677 videntur.
1088 1617 1187 1675 Prima
1218 1617 1297 1675 enim

122 1730 154 1780 et
179 1723 313 1781 secunda
336 1723 494 1794 sententia,
518 1742 701 1800 quamquam
725 1723 814 1782 artius
839 1724 915 1783 inter
938 1744 969 1783 sc
994 1725 1166 1793 cohaerent,
1191 1724 1297 1782 eadem

123 1829 274 1904 particula
295 1837 377 1900 ,aut‘,
413 1849 474 1906 qua
503 1831 589 1890 tertia
616 1831 818 1907 seiunguntur.
867 1831 928 1890 Sed
961 1831 1016 1891 etsi
1047 1830 1165 1910 similia,
1198 1843 1297 1890 tamen

122 1955 189 1995 non
214 1937 320 1996 eadem
349 1948 504 1998 notantur:
536 1939 586 1996 hic
609 1939 721 1996 Aeolus
751 1940 930 2020 ,verecunde
965 1939 1017 1998 ait‘
1051 1940 1133 2014 quod
1166 1938 1297 2014 speciem

123 2043 316 2120 arrogantiae
339 2044 430 2104 vitare
453 2046 525 2114 vult,
550 2045 610 2103 illic
634 2046 717 2120 quod
734 2045 880 2121 obsequio
905 2046 1029 2122 cogitur.
1079 2047 1175 2104 Recte
1199 2055 1298 2104 autem

124 2151 245 2209 monuit
276 2151 320 2209 vir
352 2152 459 2211 doctus
487 2151 560 2212 illud
589 2153 803 2229 ,quodcunque
838 2160 964 2228 erg0..‘
997 2152 1035 2211 ad
1071 2151 1297 2211 antecedentem

124 2258 306 2318 sententiam
330 2259 431 2318 referri
461 2279 522 2319 non
553 2279 655 2337 posse:
686 2278 785 2336 neque
819 2259 983 2336 putaverim
1012 2259 1109 2336 ipsum
1134 2259 1297 2335 pleniorem

125 2365 264 2423 Servium
288 2365 318 2424 id
342 2365 486 2428 voluisse:
518 2367 610 2426 immo
636 2365 806 2443 arrogantia
830 2366 891 2425 sive
916 2366 1063 2425 modestia
1086 2365 1235 2442 explicata
1257 2385 1299 2424 re·

126 2472 172 2530 dit
197 2473 237 2530 ad
272 2473 364 2531 verba
388 2473 433 2532 his
477 2474 633 2544 latenter.
650 2521 655 2533 .
670 2480 781 2533 tenere‘
813 2473 1029 2532 antecedentia.
1078 2474 1150 2548 Qua
1181 2493 1211 2530 re
1245 2471 1296 2531 etsi

127 2598 263 2639 conexus
288 2581 501 2640 sententiarum
524 2581 689 2658 paullulum
719 2580 949 2657 interrumpitur,
974 2590 1074 2638 tamen
1099 2581 1225 2638 formam
1250 2598 1298 2637 ne-

128 2688 262 2763 glectam
286 2689 482 2764 grammatico
506 2689 603 2764 quarti
627 2688 738 2747 saeculi
761 2686 935 2746 condonare
957 2686 1035 2747 licet.

239 2833 311 2903 Ar,
341 2848 415 2906 127:
442 2831 606 2902 ‚Placidum
630 2829 729 2911 caput]
766 2843 911 2906 quaerunt
935 2830 1024 2889 multi¹
1043 2830 1299 2906 quemadmodum

129 2938 296 3014 ,placidum
328 2947 429 3017 copul,
462 2939 486 2998 si
519 2940 658 3015 ,graviter
681 2938 880 2998 commotus‘?
913 2939 998 3014 quasi
1023 2958 1083 2997 non
1108 2937 1203 3014 possit
1226 2937 1299 3006 lieri,

130 3054 162 3103 ut
186 3044 331 3105 irascatur
354 3047 460 3117 ventiS,
485 3046 631 3123 propitius
655 3045 692 3104 sit
716 3045 864 3105 Troianis.
911 3047 1046 3122 Epr'tlreta
1070 3047 1143 3103 euim
1166 3045 1226 3102 ulia
1250 3063 1299 3102 ua-

129 3154 241 3211 turalt'a
273 3162 348 3223 sunt,
382 3155 442 3212 alia
458 3209 459 3214 ,
473 3156 516 3212 ud
542 3162 655 3225 tempus.
703 3153 747 3211 Et
771 3154 933 3228 ,plucrdum‘
966 3161 999 3210 ut
1019 3152 1152 3210 notrtrale
1174 3151 1303 3227 Neptuni

130 3268 180 3330 cst,
206 3263 247 3318 ito
271 3263 410 3335 ,graviter
431 3267 588 3334 commotur‘
618 3262 661 3318 ud
680 3268 784 3336 tempus
806 3261 839 3318 ob
853 3261 966 3336 factam
990 3267 1181 3335 lenrpestatem.
1229 3257 1300 3315 Uno

131 3381 232 3427 autern
265 3368 397 3444 epitheto
427 3387 509 3427 more
542 3387 596 3426 suo
627 3367 763 3426 habitum
792 3368 906 3433 futurae
930 3367 1073 3426 orationis
1099 3365 1238 3436 ostendit,
1271 3375 1301 3423 ut

132 3474 207 3533 alibi
231 3493 291 3533 uno
316 3493 453 3534 sermone
477 3486 549 3546 ,tum
574 3493 719 3550 quassans
744 3481 854 3550 caput‘.

242 3600 337 3658 Recte
368 3599 458 3658 Thilo
482 3600 597 3658 monuit
620 3601 652 3658 in
676 3599 851 3658 Cassellano
875 3598 982 3658 codice
1006 3598 1137 3657 diversas
1161 3597 1300 3674 interpre-

133 3706 263 3765 tationes
287 3706 389 3776 ,enim‘
415 3707 591 3784 interposito
616 3707 692 3765 salso
716 3705 890 3765 coniunctas
908 3725 974 3764 esse
997 3705 1083 3781 quasi
1106 3705 1186 3782 prior
1209 3706 1302 3764 altera

134 3815 370 3873 confimraretur.
417 3814 485 3873 Alia
518 3833 563 3872 res
596 3825 694 3873 autem
727 3832 788 3872 non
819 3813 928 3882 obstat,
962 3831 1029 3872 cum
1054 3813 1144 3871 verba
1167 3814 1250 3882 ,Uno
1268 3856 1299 3871 ..

134 3926 233 3996 caput‘
263 3921 303 3979 ad
326 3931 480 3996 utramque
504 3920 720 3997 expositionem
747 3919 903 3994 quadrent.
959 3921 999 3977 At
1022 3919 1060 3977 de
1084 3919 1208 3994 singulis
1232 3937 1301 3976 con·

135 4026 339 4086 iunctionibus
374 4027 583 4086 difficillimum
620 4037 664 4086 est
687 4026 818 4085 iudicatu
842 4028 925 4101 quod
941 4026 1028 4084 facile
1049 4046 1066 4084 a
1089 4025 1216 4084 librariis
1240 4045 1303 4084 cor·

135 4136 349 4211 rumpebantur
376 4135 422 4193 vel
446 4135 691 4210 neglegebantur,
716 4133 890 4209 praesertim
916 4153 983 4192 cum
1000 4151 1145 4209 persaepe
1161 4133 1239 4190 notis
1256 4133 1302 4191 vel

137 4241 230 4318 signis
255 4252 369 4300 tantum
394 4241 424 4298 in
448 4241 531 4300 libris
555 4240 779 4316 manuscriptis
797 4240 1042 4317 significarentur.
1084 4241 1174 4298 Velut
1191 4240 1302 4297 nullam

137 4346 196 4406 iarn
220 4348 417 4408 offensionem
450 4349 594 4424 praebere
626 4347 792 4424 pleniorem
828 4348 1074 4406 commentarium
1104 4365 1224 4416 censeo,
1249 4365 1303 4427 pro

138 4454 237 4524 ,enim‘
262 4455 287 4514 si
309 4454 422 4525 ,etiam‘
445 4455 580 4532 legimus.
