3170 5180
593 329 821 394 —as-

111 522 219 570 autern
245 529 299 586 pro
322 516 434 587 ,grave‘
459 511 569 587 posuit,
600 531 669 571 nam
703 516 812 587 ,grave‘
843 524 887 572 est
912 531 965 590 per
988 522 1124 572 naturam
1148 514 1296 588 pondero-

112 636 192 687 surn,
222 623 397 693 ,gravatum‘
423 619 507 694 quod
531 629 671 678 oneratur
698 618 914 689 extrinsecus“,
939 620 969 677 in
994 619 1129 695 pleniore
1145 638 1295 696 commen·
1366 699 1369 704 Ι

113 723 194 782 tario
223 724 303 782 haec
319 726 457 801 apposita
485 726 639 802 leguntur:
673 727 735 796 ,sed
752 727 869 800 quidam
892 727 990 785 melius
1013 735 1186 801 gravatam‘
1209 747 1296 802 quam

113 837 229 905 ,graue‘
254 833 355 890 dictum
378 833 483 902 volunt,
507 835 594 907 quasi
623 834 791 890 extrinsecus
824 835 892 892 nodi
925 835 983 891 sint
1014 834 1128 892 additi!
1173 833 1295 909 Optime

113 937 240 1013 plenior
264 939 381 997 Servius
406 940 615 1014 ,quorundam‘
647 940 686 998 de
710 958 748 998 ea
774 958 806 998 re
836 940 1015 1003 sententiam
1047 939 1194 999 adiecisse
1223 941 1294 999 mihi

113 1045 239 1104 videtur
263 1045 347 1104 alteri
371 1063 461 1120 quam
490 1046 586 1104 solam
618 1047 863 1104 commemoravit
887 1046 1022 1106 brevior:
1056 1057 1180 1122 apparet
1215 1047 1295 1106 enirn

114 1151 290 1212 breviorem
315 1151 449 1211 Servium
473 1171 562 1228 aegre
591 1152 703 1223 tulisse,
735 1154 818 1228 quod
848 1163 939 1228 poeta
971 1160 1144 1228 ,gravatum‘
1178 1153 1296 1230 scripsit

114 1277 219 1334 neque
245 1259 350 1318 maluit
369 1278 438 1318 curn
462 1261 501 1319 de
525 1279 556 1320 re
579 1279 633 1336 per
655 1271 791 1319 naturam
815 1243 993 1336 ponderosa·
1015 1271 1161 1336 ageretur,
1195 1260 1295 1318 dicere

116 1371 247 1442 ,grave‘.
296 1365 416 1425 Plenior
438 1376 537 1425 autent
561 1366 634 1425 dicit
657 1367 753 1442 ipsum
778 1367 851 1424 illud
876 1372 1050 1442 ,gravatum‘
1074 1385 1093 1425 a
1115 1367 1293 1442 quibusdam

115 1471 264 1532 anteferri
289 1473 373 1548 quod
389 1474 503 1532 nonde
527 1492 558 1532 re
582 1474 665 1550 gravi
678 1507 721 1516 ..,
738 1473 769 1532 id
786 1484 830 1532 est
844 1491 898 1549 per
914 1483 1050 1532 naturam
1068 1473 1240 1549 ponderosa
1253 1508 1294 1514 —

116 1579 172 1638 sed
207 1579 249 1640 de
283 1580 381 1653 ,nodis
414 1579 596 1639 extrinsecus
630 1580 750 1638 additis‘
784 1591 906 1655 poetam
935 1579 1035 1639 dicere
1059 1561 1208 1655 putarint
1246 1579 1295 1636 Ad

116 1686 290 1745 iterationis
314 1687 403 1764 igitur
426 1696 601 1764 argumenta
624 1686 673 1745 hic
689 1688 772 1745 locus
789 1686 914 1745 diversis
941 1687 1048 1762 plenus
1064 1686 1198 1745 revocari
1216 1695 1295 1744 certe

117 1812 181 1853 nou
206 1804 318 1870 potest.

229 1902 258 1958 A
276 1903 306 1971 8,
339 1919 400 1975 393
436 1899 555 1976 plenior
589 1899 708 1958 Servius
742 1899 861 1975 scripsit
896 1900 986 1959 haec:
1025 1899 1159 1969 ,Formae
1190 1901 1295 1957 conscia

117 2004 254 2084 coniunx]
289 2006 425 2064 intellexit
451 2025 480 2063 se
508 2005 568 2063 sola
594 2006 804 2081 pulchritudine
828 2007 998 2082 pervertisse
1037 2012 1152 2062 ruentem
1186 2007 1293 2063 mariti.

119 2114 185 2170 Alii
207 2112 321 2170 duabus
344 2113 425 2169 rebus
449 2113 576 2170 linerent
600 2113 700 2169 velient
719 2113 856 2169 murittum
880 2111 1055 2184 adgressum,
1085 2111 1155 2168 rtalt's
1183 2119 1210 2168 et
1230 2113 1293 2188 pul-

118 2220 300 2277 claritudine:
323 2226 351 2276 et
371 2219 606 2288 potentantur
617 2218 737 2293 formae
752 2219 878 2288 censcia‘,
902 2237 989 2292 quam
1006 2219 1114 2288 ,laeta‘,
1137 2226 1165 2274 et
1176 2219 1296 2294 farinae

120 2326 220 2383 atilius
243 2326 340 2382 dativa
362 2343 428 2383 casu
451 2344 539 2399 quam
558 2326 703 2399 genetiva.

229 2432 301 2490 Non
325 2441 406 2490 recte
430 2430 503 2489 mihi
526 2430 693 2490 Schoellius
720 2439 759 2499 ,et
782 2431 905 2490 formae‘
931 2449 1021 2489 voces
1045 2431 1191 2490 delevisse
1216 2431 1294 2490 vide-

120 2547 177 2608 tur,
203 2538 348 2614 quoniam
366 2538 424 2596 hoc
441 2538 509 2596 loco
524 2538 620 2616 agitur
643 2538 682 2596 de
699 2538 815 2596 duabus
831 2538 920 2597 rebus
937 2549 967 2596 et
991 2538 1089 2608 ,dolis‘
1114 2549 1143 2596 et
1166 2539 1293 2611 ,lornra'.

121 2645 274 2720 Equidem
311 2646 407 2715 ,velle‘
443 2645 574 2720 positum
610 2663 675 2703 esse
710 2657 782 2721 puto
818 2664 872 2721 pro
898 2646 1006 2716 ,malle‘
1033 2656 1153 2703 etcum
1181 2652 1292 2720 ,quam‘

121 2751 279 2826 particula.
327 2751 459 2811 Necesse
497 2761 595 2810 autem
634 2760 679 2810 est
709 2751 849 2826 supplere
881 2750 1060 2810 sententiam
1092 2751 1154 2809 sic:
1194 2771 1294 2827 ,quam

121 2856 200 2916 laeta
224 2857 323 2917 dolis‘.

230 2968 272 3024 At
294 2965 352 3022 hoc
375 2965 460 3041 parvi
491 2964 636 3024 momenti
668 2975 728 3025 est:
762 2964 801 3022 ad
831 2964 928 3040 ipsum
959 2964 1207 3024 commentarium
1238 2983 1294 3023 nos

122 3083 347 3132 convertamus:
382 3083 472 3148 atque
504 3072 632 3148 primum
668 3071 790 3147 quidem
824 3071 941 3148 plenior
974 3070 1093 3130 Servius
1127 3072 1294 3130 secundum

121 3178 235 3238 lemma
258 3179 297 3238 de
320 3180 385 3238 sola
407 3180 503 3238 forma
525 3180 571 3238 vel
601 3178 823 3255 pulchritudine
854 3177 937 3249 dixit,
970 3196 1030 3253 qua
1060 3197 1119 3237 una
1150 3197 1181 3237 re
1210 3198 1294 3238 mens

124 3286 225 3344 mariti
248 3303 389 3362 perversa
413 3296 501 3346 esset.
549 3286 669 3346 Deinde
693 3285 818 3345 aliorum
843 3284 1021 3344 sententiam
1050 3285 1089 3344 de
1120 3286 1178 3343 hoc
1209 3306 1295 3344 versu

122 3393 245 3466 profert,
278 3393 329 3469 qui
363 3392 478 3451 duabus
509 3393 597 3452 rebus
628 3394 784 3452 voluerunt
815 3391 912 3450 mariti
937 3402 1068 3451 mentem
1096 3393 1233 3468 perverti,
1265 3403 1295 3452 et

123 3497 202 3556 dolis
226 3509 256 3559 et
279 3499 510 3575 pulchritudine,
543 3512 632 3576 atque
655 3500 739 3560 addit
763 3499 937 3558 eorumdem
961 3498 1091 3558 virorum
1114 3501 1293 3558 sententiam

123 3603 161 3661 de
186 3605 303 3665 ratione
325 3607 522 3682 grammatica
545 3624 622 3682 quae
654 3607 712 3665 hac
743 3607 860 3665 diversa
889 3606 1132 3682 interpretatione
1161 3608 1293 3683 paullum

123 3721 331 3770 commutatur.
379 3713 484 3771 Habes
514 3712 603 3789 igitur
632 3713 778 3771 scholium
809 3714 922 3770 clarum
954 3721 1045 3787 atque
1074 3712 1230 3788 integrum,
1263 3713 1293 3770 in

124 3836 185 3892 quo
209 3837 308 3893 neque
332 3818 495 3894 quicquam
519 3819 706 3878 desideratur
729 3837 827 3894 neque
852 3819 977 3878 moleste
1001 3820 1099 3878 fertur.

231 3943 326 4002 Aliter
349 3944 468 4002 brevior
491 3945 610 4004 Servius
634 3945 693 4002 hoc
717 3955 920 4004 commentum
944 3943 1128 4019 composuit:
1156 3945 1293 4014 ,Formae

124 4049 248 4108 conscia
279 4048 419 4129 coniunx]
451 4050 597 4111 intellexit
627 4069 660 4109 se
690 4050 768 4109 dolis
799 4061 828 4110 et
862 4049 1084 4126 pulchritudine
1116 4051 1293 4127 pervertisse

125 4166 255 4216 mentem
279 4157 397 4216 mariti.

232 4264 318 4323 Clare
342 4264 477 4325 videmus
501 4264 602 4341 inepte
625 4264 722 4339 egisse
739 4265 873 4324 Servium
890 4264 1068 4325 breviorem.
1101 4266 1135 4322 In
1153 4265 1293 4325 lemmate

125 4367 239 4429 scilicet
262 4370 392 4430 scribere
415 4372 547 4431 debebat
581 4372 668 4446 ,dolis
692 4382 723 4432 et
746 4373 860 4431 formae
888 4371 1012 4430 conscia
1038 4371 1191 4441 coniunx‘,
1224 4391 1292 4431 cum

127 4473 329 4557 interpretatio
353 4479 440 4538 latius
463 4489 574 4556 pateat.
619 4481 644 4538 E
668 4478 806 4572 Thilonis
831 4490 930 4540 autem
955 4477 1102 4540 sententia
1125 4497 1179 4558 pro
1205 4479 1293 4549 ,dolis
