3170 5180
761 275 981 344 ..43-

286 485 368 524 orem
415 465 548 524 Servium
597 465 695 525 verbis
744 467 987 525 commemoratis
1034 477 1186 524 auctorem
1225 469 1251 542 J.
1292 466 1458 525 Caesarem

286 573 471 649 apposuisse,
497 572 663 630 breviorem
688 582 786 631 autem
812 573 918 631 iisdem
942 571 1040 630 vernis
1065 571 1162 631 allatis
1188 572 1319 630 auctoris
1344 589 1459 630 nomen

286 680 467 755 repudiasse.
517 679 587 752 Qua
603 680 641 737 de
666 698 696 738 re
711 681 771 738 iam
795 680 887 738 fusius
904 679 1108 754 disputemus:
1126 690 1170 737 est
1194 679 1274 738 enim
1299 698 1355 754 pro
1373 697 1459 737 more

286 787 513 845 scholiastarum
537 786 585 843 vix
608 787 751 845 credibile
776 788 904 845 futurum
929 786 1029 856 fuisse,
1055 797 1086 844 ut
1109 799 1177 862 post
1194 787 1363 845 breviorem
1393 787 1460 858 Ser-

286 893 365 950 vium
390 903 537 950 mortuum
563 893 721 969 quisquam
745 903 877 952 veterum
906 895 1113 950 Romanorum
1136 894 1183 951 vel
1208 893 1387 968 scriptorum
1411 895 1460 950 vel

287 1011 440 1076 poetarum
466 999 558 1057 libros
582 1000 740 1062 evolveret.
766 1011 796 1058 ut
827 1000 924 1058 verbis
956 1001 995 1058 ab
1028 999 1079 1058 illo
1103 999 1200 1058 allatis
1225 1011 1381 1059 auctorem
1407 1001 1459 1058 ad·

287 1107 437 1164 scriberet.
504 1107 600 1164 Immo
634 1125 703 1164 vero
739 1107 768 1164 id
799 1106 989 1166 statuendum
1021 1106 1150 1174 videtur,
1186 1106 1359 1181 ubicunque
1398 1106 1461 1165 tale

287 1212 359 1288 quid
384 1213 494 1270 iactum
518 1223 571 1281 est,
597 1213 761 1288 pleniorem
786 1214 920 1272 Servium
935 1214 1092 1288 integrum
1123 1213 1374 1272 commentarium
1399 1231 1461 1271 ser·

286 1337 386 1388 vome,
427 1319 594 1378 breviorem
630 1320 736 1394 integri
775 1321 841 1378 libri
877 1321 968 1378 verba
1002 1315 1239 1402 contraxisse⁴⁹).
1288 1319 1461 1378 Videamus

287 1427 374 1501 igitur
397 1420 531 1502 haeclllz

393 1535 420 1591 Α
438 1537 466 1604 6,
494 1550 529 1607 77
537 1549 571 1608 3:
597 1535 773 1610 Urbemqne
798 1533 954 1612 Fidenam]
982 1533 1113 1592 Fidenae
1149 1534 1288 1593 dicuntur
1311 1543 1343 1590 ut
1369 1534 1407 1602 ,Τ
1410 1533 1461 1590 he-

287 1641 370 1712 bae‘3
387 1641 440 1698 sed
464 1641 538 1698 dixit
561 1651 592 1698 ut
608 1641 753 1700 luvenalis
769 1652 859 1718 atque
882 1651 965 1700 vetus
982 1641 1090 1699 Thebe
1112 1651 1232 1698 centurn
1249 1640 1327 1698 iacet
1350 1641 1462 1697 obruta

286 1748 399 1822 portis.
416 1793 421 1805 .
438 1753 443 1778 ¹
469 1749 574 1805 Parum
592 1748 652 1806 veri
668 1748 764 1807 simile
780 1758 824 1807 est
848 1748 934 1806 huius
950 1767 1051 1806 versus
1074 1757 1227 1806 auctorem
1251 1764 1319 1805 eum
1344 1764 1462 1804 memo-

287 1855 330 1912 ria
354 1853 492 1912 tenuisse.

395 1962 508 2020 Eadem
533 1962 594 2020 fere
619 1962 732 2020 ratione
756 1962 914 2020 ostendere
944 1979 1076 2037 possum,
1108 1961 1168 2019 alia
1191 1960 1315 2018 nomina
1339 1959 1370 2017 in
1396 1960 1461 2035 ple·

287 2069 371 2127 niore
395 2069 610 2126 commentario
635 2068 778 2127 brevioris
811 2068 904 2126 Servii
928 2068 1026 2126 verbis
1057 2067 1225 2126 intermixta
1247 2086 1309 2125 non
1332 2067 1462 2142 posteri-

287 2177 390 2234 oribus
414 2176 448 2234 iis
473 2176 592 2234 adiecta
615 2194 689 2245 esse,
726 2177 779 2234 sed
809 2175 840 2232 in
869 2175 965 2250 primo
1001 2174 1217 2232 commentario
1241 2174 1462 2249 componendo

287 2301 347 2340 una
371 2300 438 2339 cum
463 2281 498 2339 iis
522 2281 701 2357 conscripta.
749 2282 853 2339 Liceat
877 2281 965 2356 igitur
987 2282 1042 2338 hos
1067 2281 1150 2338 locos
1182 2299 1286 2338 omnes
1310 2281 1340 2338 in
1365 2299 1463 2338 unum

287 2407 367 2447 nunc
394 2407 506 2464 ponere
539 2399 752 2464 conspectum:
789 2390 816 2446 A
838 2409 863 2456 1,
891 2401 969 2460 277:
1005 2387 1154 2462 ,Denique
1187 2387 1322 2445 tribunus
1356 2388 1463 2462 plebei

287 2497 410 2572 quidam
447 2496 573 2552 Valerius
596 2495 725 2553 Soranus
748 2506 779 2553 ut
803 2495 844 2552 ait
868 2497 1049 2553 Varro...‘
1075 2497 1144 2564 Aa,
1175 2508 1226 2570 15:
1254 2488 1392 2574 ‚Equumi
1420 2495 1463 2554 de

288 2607 345 2662 hoc
381 2622 460 2677 equo
492 2603 573 2660 varia
606 2603 636 2660 in
668 2603 798 2662 historiis
832 2604 910 2660 lecta
940 2614 1023 2661 sunt:
1056 2611 1087 2660 ut
1118 2603 1257 2679 Hyginus
1289 2609 1316 2658 el
1349 2602 1464 2660 Tubero

287 2712 400 2780 dicunt,
426 2710 700 2768 machinamentum
725 2711 865 2768 bellicum
889 2709 964 2768 suit.
984 2715 1012 2768 .‘
1037 2712 1064 2767 A
1084 2726 1111 2782 7,
1139 2725 1219 2785 543:
1252 2708 1344 2778 ‚Dicit
1367 2709 1464 2767 etiam

288 2819 411 2894 quidam
448 2817 678 2875 commentarius
718 2818 919 2874 -Firmiani
941 2849 981 2859 -—
1018 2819 1183 2886 ,convecta‘
1220 2815 1412 2890 legendum„
1431 2819 1463 2874 .‘

289 2928 357 2994 Α8,
387 2943 425 2998 9:
453 2924 590 2993 ,Mittitur
613 2934 642 2982 et
666 2924 768 3000 magni
791 2924 926 2982 Venulus
950 2922 1107 2982 Diomedis
1131 2923 1170 2982 ad
1194 2920 1307 2998 urbem]
1334 2921 1465 2981 Diome·

288 3032 341 3090 des
368 3037 506 3088 revertens
529 3030 561 3086 de
597 3030 682 3087 Troia
706 3041 865 3105 postquam
890 3030 1019 3105 repperit
1042 3030 1086 3088 ira
1109 3029 1235 3087 Veneris
1260 3048 1278 3086 a
1301 3047 1333 3086 se
1357 3033 1466 3088 vulne-

288 3148 370 3197 ratae
393 3155 515 3195 uxorem
548 3137 632 3212 apud
657 3138 753 3212 Argos
777 3154 837 3194 cum
865 3136 1013 3210 Cylaraba,
1047 3143 1080 3193 ut
1101 3136 1236 3204 Lucilius,
1261 3135 1307 3193 vel
1332 3136 1464 3207 Cometa,

288 3251 321 3302 ul
349 3245 478 3319 plerique
508 3242 627 3300 tradunt
662 3243 785 3318 turpiter
816 3242 929 3311 vivere,
969 3241 1064 3300 noluit
1096 3241 1203 3300 reverti
1233 3243 1276 3299 ad
1299 3245 1464 3319 patriam!

290 3354 316 3409 A
338 3371 385 3420 rr,
405 3368 461 3425 93:
488 3352 569 3423 ‚sicut
588 3351 716 3407 babuisse
731 3349 856 3406 Arcades
871 3349 1050 3423 Bacchylides
1072 3351 1102 3405 in
1121 3349 1305 3424 dithyrambis
1327 3345 1468 3429 alcil‘⁵¹),

289 3461 316 3516 A
338 3478 385 3527 12,
413 3461 492 3532 584:
520 3459 673 3524 ,Reserate
708 3454 820 3534 iubent]
858 3457 890 3514 id
914 3466 957 3514 est
981 3458 1094 3526 volunt,
1133 3469 1164 3516 ut
1192 3458 1335 3514 Ibrrnlius
1368 3458 1468 3517 iubeo

290 3558 541 3640 Chrcrrreterrr‘⁵²).
582 3565 620 3623 G.
643 3584 668 3632 1,
699 3567 773 3640 165:
813 3565 901 3632 ‚Sane
937 3564 1024 3632 ‚haec
1063 3564 1172 3621 corbis‘
1215 3564 1377 3623 dicendum
1418 3578 1469 3625 est

290 3672 455 3732 secundum
479 3671 619 3740 Tullium,
656 3669 706 3745 qui
729 3670 770 3729 ait
801 3672 831 3727 in
855 3669 987 3728 Sestiana
1025 3671 1178 3741 ,messoria
1207 3689 1240 3730 se
1272 3673 1365 3729 corbe
1389 3692 1469 3733 con·

294 3884 610 3895 o-1...-..—-„-.--a=---·-u-

397 4023 429 4092 ⁴⁹)
449 4030 485 4074 Ac
505 4042 535 4074 ne
549 4024 643 4074 mireris
655 4023 731 4074 talem
745 4023 864 4073 brevioris
880 4024 957 4072 Servii
971 4024 1104 4090 rationem¹
1125 4025 1231 4073 similem
1245 4022 1359 4072 Frontini
1373 4025 1469 4077 videas

290 4117 315 4166 in
336 4117 401 4166 Mus.
423 4116 504 4164 Rhen.
525 4117 568 4175 46.
592 4131 651 4178 pag,
671 4127 722 4176 314
748 4115 895 4178 explicatam
922 4115 963 4178 qui
988 4123 1114 4164 auctorum
1142 4115 1245 4163 nomina
1268 4113 1369 4177 propriu
1396 4119 1471 4179 apud

291 4215 402 4255 auctores
420 4221 478 4252 suos
498 4204 601 4258 inventa
620 4204 714 4252 omisit.

398 4292 430 4358 ⁶⁰)
449 4293 482 4342 cs·
505 4296 564 4355 Ar,
585 4293 652 4353 629;
684 4307 708 4353 9.
731 4305 758 4351 4·

398 4381 430 4447 ⁶¹)
447 4384 480 4432 ci.
502 4399 559 4446 pag.
585 4397 646 4445 ¹23¹
671 4400 712 4446 ap.
737 4382 870 4448 Bergidum
891 4391 958 4448 poet.
979 4382 1025 4447 lyr.
1046 4383 1091 4432 Gr.
1112 4383 1153 4432 ed.
1174 4383 1221 4433 Ill.

398 4469 430 4544 ⁸²)
450 4472 483 4522 cs.
504 4473 601 4522 Andria
621 4474 664 4533 lii,
688 4484 713 4542 3,
739 4486 760 4524 1.
