3170 5180
764 267 985 332 ..26-

393 472 420 528 A
442 489 468 539 1,
496 472 571 529 281:
599 468 743 539 ‚Consilia
766 469 796 526 in
820 469 925 528 melius
950 463 1063 546 referet]
1083 470 1128 543 εἰς
1152 463 1189 531 cri
1213 481 1366 551 κρεῖττον.
1417 466 1463 524 Et

287 585 328 634 est
348 577 482 635 Latinior
509 579 636 635 elocutio:
660 577 812 634 Sallustius
835 577 889 646 ‚od
907 577 1073 634 ructandum
1096 577 1176 634 modo
1198 578 1228 634 r'n
1251 576 1348 634 nulius
1369 577 1459 632 serui-

288 687 389 742 tium‘:
421 685 492 760 quia
525 684 606 746 bello
640 684 753 742 Punico
786 684 919 744 secundo
954 694 985 742 ut
1016 682 1057 741 ait
1084 682 1198 742 Ennius
1229 683 1349 758 placata
1376 684 1459 758 Juno

287 791 388 868 coepit
411 792 510 852 lavere
534 790 701 851 Romanis!

394 917 489 975 Caute
515 916 590 977 dixit
606 916 696 974 Thilo
721 915 800 974 hunc
823 917 923 974 locum
947 917 1026 974 male
1050 914 1217 992 expositum
1241 933 1307 975 esse
1329 913 1459 984 ,Cassel

287 1025 359 1082 lano
383 1023 407 1082 si
432 1024 600 1082 credimus‘.
646 1025 680 1081 In
698 1022 834 1082 breviore
849 1023 929 1082 enim
946 1023 1162 1082 commentario
1179 1021 1345 1099 argumenti
1369 1022 1460 1080 inter-

286 1132 484 1207 pretationem
509 1132 664 1201 habemus,
695 1131 725 1188 in
754 1130 888 1206 pleniore
912 1139 1009 1190 autem
1040 1141 1070 1190 et
1092 1130 1171 1189 hanc
1194 1130 1320 1206 legimus
1343 1139 1373 1188 et
1397 1130 1459 1188 elo-

287 1237 415 1296 cutionis
440 1237 672 1314 explicationem
699 1256 798 1313 neque
829 1258 879 1298 eas
915 1237 985 1298 satis
1018 1247 1098 1296 certe
1129 1237 1302 1298 disiunctas.
1349 1238 1460 1312 Itaque

287 1346 348 1404 veri
372 1345 554 1405 simillimum
572 1356 616 1404 est
640 1345 672 1404 id
685 1345 788 1402 vitium
805 1345 955 1416 codicum,
973 1365 1034 1404 non
1052 1345 1228 1421 scriptorum
1252 1363 1326 1404 esse.
1374 1346 1460 1418 Ergo

287 1472 410 1511 necesse
433 1463 478 1511 est
501 1472 561 1512 non
586 1465 646 1511 tam
670 1471 737 1510 cum
754 1451 884 1512 Thiloue
901 1454 1039 1512 lemmate
1056 1453 1161 1511 iterato
1179 1453 1269 1511 verba
1286 1451 1457 1510 Serviomm

286 1578 485 1635 segregemus,
511 1578 598 1636 quam
616 1559 821 1618 coniunctioni
838 1559 931 1635 ‚quia‘
956 1560 1070 1635 aliquid
1085 1560 1165 1619 velut
1190 1570 1291 1634 ,atque
1308 1558 1349 1617 id‘
1374 1569 1459 1616 ante·

286 1662 473 1747 ponamus¹).

393 1794 420 1849 A
442 1811 469 1860 1,
495 1793 573 1867 562:
605 1790 729 1861 ,Solvite
752 1791 843 1850 corde
873 1802 983 1850 metum
1008 1789 1126 1870 Teucri]
1154 1791 1229 1849 sicut
1257 1809 1346 1867 supra
1372 1790 1458 1868 Jovis

287 1899 393 1968 orati0‚
418 1889 543 1973 *partim
569 1897 687 1956 obiecta
710 1894 834 1974 purgat*
857 1897 964 1973 partim
986 1898 1079 1975 petita
1102 1898 1256 1975 promittit,
1280 1917 1348 1956 nom
1368 1906 1397 1956 et
1427 1901 1459 1954 in

287 2007 369 2064 Aeoli
389 2007 520 2064 oratione
542 2008 637 2062 stetim
654 2007 802 2083 promittit
850 2005 1011 2064 Sciendum
1035 2025 1106 2064 sane
1130 2007 1201 2080 quia
1225 2024 1291 2063 cum
1316 2015 1459 2082 petuntur

286 2114 332 2170 vel
357 2109 567 2187 promittuntur
592 2112 703 2187 aliqua,
738 2132 755 2170 a
789 2112 979 2172 validissimis
1016 2113 1218 2172 inchoandum
1248 2124 1303 2182 est,
1335 2123 1365 2172 ut
1397 2114 1458 2170 hoc

287 2220 367 2277 loco,
415 2220 568 2295 Praecipue
590 2221 642 2294 qui
649 2221 796 2294 pollicetar
816 2222 911 2277 stalt'rrr
934 2221 1010 2278 debet
1017 2222 1189 2297 prorrrittcre,
1212 2228 1278 2276 tunc
1290 2221 1459 2294 subiungere

285 2329 313 2384 sr'
325 2346 384 2401 qua
401 2327 469 2395 vall,
489 2346 522 2383 nr
537 2328 720 2401 expectatione
742 2337 889 2404 suspensus
911 2328 1069 2386 detineatur
1090 2328 1212 2386 auidior.
1246 2329 1282 2386 Et
1299 2338 1343 2386 est
1358 2345 1457 2402 genus

285 2432 452 2509 argumenti
477 2452 495 2491 a
517 2433 707 2494 necessario‘.

393 2559 468 2616 Cum
493 2558 622 2617 Thilone
646 2559 848 2618 consentimus
873 2559 945 2620 illud
973 2559 1115 2635 plenioris
1140 2559 1232 2620 Servii
1265 2580 1346 2630 ,nam
1370 2571 1401 2618 et
1426 2561 1455 2617 in

287 2665 373 2722 Aeoli
397 2664 532 2724 oratione
556 2665 654 2723 statim
679 2665 834 2742 promittit‘
858 2676 926 2741 post
960 2665 1103 2724 brevioris
1128 2667 1304 2742 promittit,
1342 2668 1365 2727 si
1392 2685 1455 2725 non

286 2772 407 2847 ‚inepte‘
432 2783 460 2830 at
485 2783 564 2831 certe
588 2792 770 2849 supervacue
793 2773 934 2830 insertum
959 2792 1032 2832 esse.

392 2899 497 2973 Itaque
521 2917 558 2956 ea
592 2897 728 2974 pleniora
763 2897 854 2956 verba
878 2917 896 2955 a
918 2897 982 2956 viro
1018 2899 1110 2957 docto
1142 2911 1343 2976 segregantur.
1393 2901 1455 2959 Sed

286 3005 345 3062 hoc
369 3005 532 3064 remedium
557 3005 646 3080 plane
670 3004 853 3063 reiciendum
878 3015 931 3063 est.
979 3007 1056 3064 Nam
1073 3007 1097 3063 si
1114 3008 1205 3065 verba
1225 3007 1276 3066 illa
1299 3017 1454 3083 tamquam

285 3093 446 3153 subditicia
479 3094 594 3152 seclusa
627 3094 692 3152 aliis
726 3093 910 3170 plenioribus
944 3094 1065 3153 scholiis
1098 3096 1271 3172 ‚Praecipue
1295 3096 1371 3172 qui.
1393 3143 1399 3156 .
1421 3142 1452 3156 ..

285 3201 411 3258 auditor*
445 3219 512 3259 cum
546 3201 675 3258 Thilone
700 3200 863 3259 adiecimus
897 3219 1028 3260 conexus
1061 3202 1209 3261 divellitur
1241 3203 1292 3279 qui
1321 3203 1454 3280 optimus

285 3318 357 3365 crat.
406 3310 445 3365 At
469 3317 547 3366 totus
571 3307 620 3366 ille
644 3309 728 3366 locus
752 3318 906 3383 corruptus
923 3309 1106 3385 plenioribus
1129 3310 1212 3368 libris
1236 3311 1275 3369 ad
1298 3311 1356 3368 hoc
1381 3322 1453 3370 tem·

285 3433 340 3490 pus
364 3415 516 3490 pervenit:
553 3414 653 3472 omisit
685 3415 764 3474 enim
793 3414 910 3490 plenior
934 3416 1051 3474 Servius
1076 3418 1166 3475 verba
1192 3417 1306 3494 ,partim
1331 3417 1453 3476 obiecta

285 3530 401 3597 purgat‘
427 3532 458 3579 ut
482 3521 511 3578 in
536 3522 594 3578 hoc
611 3522 826 3580 commentario
850 3523 979 3597 ‚partim‘
1003 3542 1064 3584 non
1081 3525 1165 3582 alteri
1188 3525 1352 3600 particulae
1376 3543 1452 3601 ,par-

285 3629 349 3686 tim‘
376 3630 429 3687 sed
455 3629 522 3686 voci
549 3628 666 3697 ,statim‘
693 3630 881 3704 respondeat.
930 3629 1061 3688 Dubium
1086 3629 1173 3706 igitur
1197 3641 1251 3700 est,
1275 3650 1345 3689 num
1371 3642 1453 3690 recte

264 3738 342 3794 'hoc
366 3738 435 3794 loco
460 3735 551 3794 Thilo
575 3737 791 3813 transponendi
816 3737 942 3795 artificio
967 3755 1035 3795 usus
1059 3738 1105 3795 sit.
1153 3739 1241 3796 Certe
1269 3757 1330 3795 non
1361 3737 1451 3796 debe-

285 3845 337 3901 bat
363 3843 505 3918 plenioris
524 3843 618 3900 Servii
636 3845 727 3901 verba
752 3863 828 3918 quae
852 3843 891 3902 ad
916 3844 1125 3902 antecedentia
1150 3844 1285 3903 breviora
1302 3845 1453 3919 quadrant

284 3950 456 4026 ,praecipue
491 3950 566 4024 qui.
586 3950 738 4010 ..auditur
770 3951 852 4008 nulla
875 3970 965 4010 causa
988 3952 1104 4027 prolata
1126 3970 1283 4028 segregare
1306 3952 1451 4010 adverbio

283 4057 466 4133 ,praecipue‘
488 4057 597 4116 deleto,

393 4371 411 4438 ¹)
432 4376 454 4422 A
472 4389 493 4438 ι1
518 4385 566 4438 545
588 4375 660 4424 valde
680 4383 807 4438 corruptus
836 4384 872 4424 est
896 4375 965 4424 locus
984 4392 1063 4439 neque
1091 4375 1224 4440 quicquam
1252 4376 1310 4425 certi
1340 4375 1373 4425 de
1403 4377 1450 4426 hac

284 4481 308 4513 re
328 4465 377 4512 dici
399 4473 497 4533 postest
516 4465 541 4512 in
561 4481 609 4536 qua
628 4481 659 4514 ne
679 4464 756 4512 Thilo
773 4463 874 4530 quidem
895 4464 937 4512 diu
957 4474 1075 4517 versatur.
