3170 5180
767 249 998 360 ...μ-ζ

293 481 567 558 interpretationem
597 483 724 559 proximi
749 483 808 541 loci
834 482 962 542 eandem
985 500 1085 557 neque
1108 481 1169 539 ullo
1192 481 1285 540 modo
1308 490 1464 539 mutatam.

293 591 336 648 Ut
361 609 457 664 pauca
482 590 619 665 exempla
643 591 828 666 depromam,
853 591 890 648 cf.
909 592 937 648 Α
958 609 983 658 4,
1011 585 1149 662 286l873
1182 603 1241 664 595
1268 598 1297 646 et
1323 580 1466 664 596l973

296 691 328 766 2,
350 691 482 772 454,‘55,
510 701 573 790 464
599 707 628 754 et
653 691 752 771 67I68
778 707 806 754 et
831 698 881 772 69,
909 690 1072 770 ⁶1⁶i⁶17;
1100 715 1129 770 3,
1155 689 1278 769 489l96
1304 695 1376 754 alia.

400 805 493 861 Porro
517 804 593 862 inter
609 804 685 861 duos
702 803 819 862 Servios
843 804 902 860 hoc
926 803 1065 861 interest:
1091 803 1208 878 plenior
1232 803 1352 861 Servius
1378 820 1468 876 saepe

293 910 425 967 lemmati
450 910 583 969 annectit
607 911 682 968 duas
706 911 963 986 interpretationes
979 910 1027 968 vel
1049 919 1108 968 tres
1132 911 1208 968 inter
1231 929 1264 967 se
1279 909 1467 967 coniunctio·

293 1016 382 1074 nibus
418 1023 549 1085 ,aut-aut‘
587 1017 712 1087 ,vel-vel‘
747 1017 920 1087 disiunctas,
952 1017 1070 1074 brevior
1101 1017 1219 1075 Servius
1252 1035 1356 1074 earum
1382 1016 1465 1073 inter·

293 1123 496 1198 pretationum
520 1126 642 1182 alteram
666 1125 801 1199 praebet,
826 1125 949 1182 alteram
972 1123 1113 1200 neglegit.

400 1232 426 1286 Α
455 1250 480 1299 4,
511 1248 588 1306 173:
627 1232 708 1300 ,Sale
741 1228 879 1308 tabentis]
903 1238 967 1288 ,ant
996 1231 1181 1289 madefactos
1213 1231 1387 1306 aspargine,
1420 1236 1472 1286 ant

292 1338 345 1410 qni
365 1337 447 1412 apud
465 1339 602 1395 sentinam
619 1339 830 1408 laboraverint,
860 1357 928 1394 nam
952 1348 1040 1414 snpra
1064 1340 1109 1396 ait
1129 1356 1232 1407 ,amnas
1254 1339 1399 1413 rapiant
1419 1337 1468 1393 ini·

293 1445 393 1500 mr'cnrn
418 1445 552 1502 imbrem‘.
579 1444 655 1502 Sanc
669 1447 784 1502 marina
800 1465 878 1520 aqna
894 1445 996 1502 dicitnr
1009 1464 1100 1502 exesse
1121 1452 1149 1502 et
1161 1450 1312 1502 extenuare
1334 1451 1370 1501 nt
1383 1450 1469 1501 cetera

293 1551 331 1606 sic
344 1558 442 1625 carpus
457 1545 677 1633 numanum‘³⁷).
707 1551 790 1624 Quas
808 1550 1036 1609 coniunctiones
1052 1551 1172 1610 brevior
1184 1551 1301 1610 Servius
1317 1549 1469 1608 rarissime

294 1657 453 1732 usurpavit,
480 1657 592 1732 quippe
609 1657 660 1733 qui
683 1676 742 1716 una
766 1657 1011 1733 interpretatione
1035 1668 1192 1717 contentus
1217 1668 1303 1717 esset.

400 1755 554 1822 Brevitatis
585 1765 684 1823 studio
709 1765 931 1823 attribuendum
955 1783 1021 1824 esse
1045 1775 1127 1840 puto,
1152 1765 1234 1839 quod
1258 1764 1381 1824 brevior
1406 1765 1469 1822 Ser-

293 1871 357 1929 vius
391 1871 490 1930 sensui
520 1881 610 1946 atque
634 1871 832 1930 concinnitati
855 1872 1068 1930 sententiarum
1101 1872 1180 1930 haud
1205 1871 1245 1930 ita
1268 1890 1396 1947 operam
1420 1871 1469 1928 de·
1526 1905 1528 1911 ·

293 1978 373 2036 disse
389 1979 514 2036 videtur.
551 1981 650 2054 Atque
676 1978 743 2053 plus
767 1979 858 2037 habet
875 1977 1049 2036 offensionis
1071 1980 1130 2037 hoc
1146 1979 1258 2048 vitium,
1284 1979 1468 2051 ubicumque

294 2086 411 2160 plenior
435 2085 564 2154 Servius,
589 2085 672 2159 quod
697 2103 788 2160 saepe
813 2087 854 2152 tit,
888 2085 951 2144 eius
975 2086 1017 2143 rei
1042 2103 1142 2144 curam
1166 2085 1264 2144 habet.
1312 2087 1409 2144 Velut
1432 2085 1468 2140 le-

292 2192 389 2266 gimus
414 2195 439 2249 Α
467 2209 494 2267 5,
531 2194 612 2252 ό28;
652 2191 829 2265 ‚Sideraque
861 2210 993 2250 emersae
1024 2185 1154 2274 ferimur]
1190 2203 1240 2250 aut
1274 2201 1468 2268 tempestates

292 2300 336 2355 nil
361 2319 434 2374 quar
462 2307 525 2356 ortn
557 2299 602 2356 ael
621 2317 729 2356 occassn
751 2299 875 2356 siderum
898 2307 978 2374 saepe
1000 2306 1170 2356 nascantur:
1189 2278 1191 2284 ,
1208 2309 1258 2358 aut
1281 2297 1466 2374 provincias

295 2424 373 2479 quae
396 2405 544 2464 sideribus
568 2405 733 2476 subiacent,
758 2415 789 2463 ut
814 2406 1006 2484 ‚Aethiopum
1023 2424 1172 2464 versemus
1196 2423 1267 2464 oves
1290 2406 1346 2464 sub
1371 2405 1469 2463 sidere

292 2513 432 2579 cancris·

399 2619 457 2678 Vix
491 2639 580 2694 porro
615 2638 690 2696 opus
715 2639 780 2679 esse
804 2621 920 2680 videtur
944 2638 1097 2695 quaerere,
1132 2619 1235 2694 quoad
1258 2620 1380 2679 brevior
1404 2621 1467 2677 Ser·

291 2726 354 2808 vius
371 2727 496 2802 Vergilii
521 2727 612 2786 verba
636 2738 725 2802 atque
750 2746 851 2786 versus
876 2727 1070 2803 explicaverit
1095 2737 1186 2802 atque
1211 2727 1311 2801 quoad
1338 2727 1466 2802 plenior,

292 2852 359 2891 cum
393 2852 482 2908 supra
506 2835 564 2891 hoc
588 2847 856 2893 commemoratum
885 2835 921 2892 sit
955 2835 994 2894 de
1028 2835 1116 2892 rebus
1150 2852 1224 2908 quas
1248 2833 1379 2908 quisque
1403 2850 1467 2909 pro-

292 2941 390 3010 ferret,
416 2959 483 2997 curn
508 2951 652 3015 ageretur.
693 2941 821 2999 Accedit
837 2943 920 3016 quod
945 2951 1072 3000 statuere
1096 2959 1158 2998 non
1182 2959 1339 3016 possumus
1358 2941 1466 3016 quibus

292 3047 322 3103 in
354 3047 442 3105 rebus
471 3047 591 3104 brevior
614 3047 733 3106 Servius
766 3048 926 3106 subsistere
956 3048 1070 3107 solitus«
1091 3047 1129 3105 sit
1159 3066 1227 3105 cum
1258 3048 1350 3105 modo
1382 3048 1467 3124 plura

292 3153 385 3211 modo
409 3155 526 3212 minora
549 3156 682 3213 adnotet.
726 3155 789 3212 Etsi
813 3155 963 3212 neminem
988 3154 1109 3230 effugiet
1131 3155 1298 3213 breviorem
1319 3155 1464 3220 Servium,

291 3259 464 3334 ubicunque
503 3260 621 3336 plenior
660 3261 733 3320 dicit
773 3280 854 3330 ,sane
885 3262 987 3320 fabula
1018 3262 1094 3319 haec
1123 3266 1176 3320 est‘
1210 3262 1257 3320 vel
1287 3262 1348 3319 tale
1383 3259 1465 3336 quid,

292 3366 351 3424 iam
375 3367 449 3424 nihil
474 3368 627 3426 adnotare.

398 3474 442 3542 ld¹
458 3474 563 3533 iterum
587 3475 866 3544 animadvertamus
900 3474 1067 3532 breviorem
1100 3475 1233 3534 Servium
1266 3492 1366 3544 unam,
1400 3491 1464 3534 raro

293 3582 367 3639 duas
391 3581 654 3656 interpretationes
672 3583 785 3654 afferre,
810 3581 977 3657 pleniorem
1001 3592 1118 3656 praeter
1141 3582 1194 3640 has
1218 3581 1378 3639 multorum
1396 3579 1464 3638 alio·

293 3707 356 3745 rum
380 3689 540 3764 opiniones
565 3699 654 3762 atque
684 3689 846 3745 sententias
870 3706 1044 3746 enumerare
1080 3688 1165 3757 ,aliis‘
1190 3689 1237 3746 vel
1264 3686 1463 3762 ,quibusdam‘

291 3796 338 3853 vel
369 3795 547 3853 nominatim
579 3795 752 3854 auctoribus
776 3794 956 3869 quibusdam
989 3794 1135 3853 addictas.
1184 3795 1253 3868 Qua
1277 3795 1306 3852 in
1330 3813 1362 3853 re
1387 3811 1463 3853 com·

401 4111 433 4180 ³⁷)
453 4113 530 4162 Cuius
548 4114 582 4161 rei
602 4114 665 4162 haec
684 4113 799 4176 exempla
817 4128 947 4161 enumero:
978 4113 1038 4178 Ar,
1063 4112 1124 4174 183;
1148 4113 1207 4170 Aa,
1235 4126 1292 4175 442,
1315 4121 1376 4180 595,
1399 4112 1458 4171 669;

293 4217 318 4268 3,
347 4213 387 4264 75,
412 4215 472 4266 444,
493 4212 555 4268 457,
578 4213 638 4267 744,
661 4213 727 4263 747;
756 4214 781 4260 4,
804 4211 846 4264 45,
871 4211 913 4268 72,
945 4201 988 4268 98,
1012 4201 1072 4267 376,
1094 4201 1156 4266 448,
1179 4203 1387 4264 6394444444-
1404 4197 1460 4267 adr

295 4303 318 4357 5,
340 4293 384 4358 48,
412 4301 474 4354 4544
497 4292 523 4358 6,
546 4292 604 4348 486,
628 4303 689 4354 434,
713 4291 773 4355 645,
796 4290 861 4353 6364
887 4300 909 4350 7,
934 4300 981 4352 374
1014 4290 1040 4355 8,
1062 4300 1123 4356 337,
1145 4291 1204 4353 389,
1227 4303 1289 4356 464,
1312 4300 1373 4356 597,
1397 4299 1457 4351 7644

293 4395 318 4445 9,
345 4391 402 4447 472,
424 4381 484 4439 641,
510 4391 572 4443 734;
609 4394 648 4447 ro,
675 4390 714 4444 45,
740 4392 796 4441 194,
821 4379 880 4443 558,
904 4379 970 4438 612,
1007 4392 1045 4437 44,
1073 4392 1131 4448 445,
1154 4391 1214 4446 224,
1239 4379 1303 4442 836;
1331 4374 1380 4446 42,
1406 4387 1457 4437 444,

293 4481 355 4538 454,
378 4470 438 4542 558·
