3170 5180
651 323 872 384 -45-

126 578 137 588 ῃ
177 501 280 559 multis
303 502 437 561 versibus
461 521 498 561 ne
523 522 611 561 unam
636 503 759 578 quidem
783 523 887 562 vocem
913 503 1076 574 adnotavit,
1102 503 1210 579 quibus
1235 505 1353 580 plenior

178 607 298 666 Servius
322 609 415 669 multa
437 619 527 684 atque
550 609 633 667 bona
656 604 863 687 adscripsirtf’).

287 734 497 808 Praeterquam
520 751 591 790 vero
609 733 691 807 quod
716 733 833 808 plenior
850 734 966 792 Servius
991 735 1084 792 multa
1107 735 1237 809 explicat
1261 745 1351 811 atque

177 839 311 914 exponit,
337 857 414 913 quae
437 839 556 898 brevior
578 839 719 915 neglegit,
744 840 824 898 idem
848 841 921 898 nihil
947 841 1074 898 affirmat
1098 841 1154 898 nisi
1179 842 1261 916 quod
1286 861 1351 918 pro-

177 945 231 1002 bat
247 945 438 1020 argumentis,
464 964 532 1003 cum
556 945 699 1004 brevioris
718 945 812 1004 Servii
835 946 909 1004 nibil
934 947 1056 1017 intersit,
1082 957 1178 1006 utrum
1195 950 1351 1007 confirmet

177 1051 263 1125 quod
291 1050 373 1121 dicit,
408 1070 465 1111 nec
497 1070 544 1110 ne.
592 1053 807 1128 Comparemus
841 1053 920 1110 enim
954 1053 1030 1112 haec
1054 1056 1080 1110 A
1100 1073 1128 1124 4,
1148 1057 1206 1128 69:
1232 1055 1350 1128 ,Qualis

176 1158 317 1216 coniecta
350 1177 437 1217 cerva
468 1156 585 1236 sagitta]
621 1159 692 1217 satis
723 1177 856 1234 congrua
887 1159 1091 1235 comparatio:
1128 1161 1243 1232 singula
1276 1163 1349 1218 em'm

174 1263 305 1336 stragulis,
334 1282 444 1322 cervam
467 1265 588 1334 Didoni,
621 1267 754 1337 sagittam
788 1267 890 1334 errrori,
912 1273 1057 1341 pastorem
1081 1266 1202 1335 Aeneae,
1235 1286 1350 1324 nemora

174 1371 251 1438 urbi,
275 1372 357 1428 ritum
379 1370 486 1427 letalem
509 1373 604 1427 arnorr'
624 1371 768 1445 mortzfira
790 1365 1028 1447 comparar›ir⁴⁰).

285 1495 399 1553 Videor
432 1505 531 1554 autem
561 1495 634 1553 mihi
664 1496 723 1552 hoc
758 1495 960 1570 disputatione
989 1515 1056 1554 mea
1084 1497 1229 1572 probasse
1254 1517 1349 1556 errare

175 1619 230 1659 eos
254 1602 306 1676 qui
328 1602 470 1678 plenioris
494 1603 701 1661 commentarii
725 1613 876 1662 auctorem
906 1603 968 1662 sive
991 1603 1130 1662 doctrina
1152 1603 1213 1662 sive
1237 1605 1349 1663 iudicio

175 1708 240 1767 sive
263 1709 385 1785 ingenio
408 1709 544 1768 breviore
568 1711 714 1769 minorem
738 1729 804 1768 esse
827 1710 885 1767 sibi
908 1720 1125 1785 persuasemnt.
1165 1713 1270 1787 Itaque
1286 1721 1350 1770 tota

174 1815 273 1874 forma
308 1828 397 1891 atque
432 1817 630 1892 dispositione
654 1816 788 1876 Serviani
821 1817 1029 1874 commentarii
1060 1818 1226 1876 deliberata
1260 1830 1349 1893 atque

174 1941 325 1998 perpensa
355 1941 416 1982 non
441 1924 576 2000 cogimur
599 1925 735 2000 pleniora
759 1924 822 1983 eius
845 1924 1054 1982 commentarii
1077 1925 1170 1983 verba
1202 1924 1349 1983 additicia

174 2029 345 2088 breviorum
370 2030 490 2090 habere.
530 2033 594 2089 Iam
618 2031 706 2124 igitur
730 2031 892 2106 quaeritur,
916 2049 987 2090 num
1012 2040 1113 2089 extent
1137 2050 1245 2090 causae
1269 2050 1348 2106 quae

173 2155 233 2194 nos
265 2137 434 2208 adducant,
469 2147 501 2196 ut
535 2139 659 2196 alterum
691 2137 891 2212 antiquiorem
925 2148 1014 2212 atque
1046 2137 1228 2213 superiorem
1258 2138 1348 2196 fuisse

173 2254 348 2302 statuamus.

284 2351 355 2426 Qua
378 2350 408 2408 in
433 2351 642 2426 disquisitione
671 2352 756 2409 mitto
787 2351 869 2426 quod
900 2362 988 2409 antea
1011 2351 1158 2426 explicavi
1181 2350 1347 2426 pleniorem

177 2457 311 2515 Servium
329 2457 454 2517 meliora
477 2461 609 2534 prolerre
633 2470 722 2533 atque
740 2458 910 2516 absolutum
935 2469 964 2516 et
980 2459 1144 2533 perlectum
1162 2475 1237 2533 opus
1262 2475 1348 2532 expe-

176 2563 288 2636 tivisse,
314 2565 405 2624 immo
429 2583 499 2624 vero
524 2583 575 2624 eos
607 2566 691 2624 locos
720 2565 749 2622 in
776 2564 951 2622 memoriam
975 2564 1150 2638 redegerim,
1177 2563 1284 2638 quibus
1310 2563 1348 2620 vi-

176 2671 276 2730 dimus
315 2672 452 2749 pleniora
475 2690 543 2730 cum
572 2672 757 2730 brevioribus
781 2671 928 2730 artissime
952 2671 1114 2729 coniuncta
1138 2688 1212 2728 esse.
1261 2671 1348 2728 Com-

176 2779 350 2853 parantibus
374 2779 454 2837 enim
482 2778 570 2837 nobis
599 2778 741 2853 plenioris
766 2777 860 2836 Servii
882 2778 974 2836 verba
998 2796 1065 2834 cnm
1090 2777 1233 2836 brevioris
1256 2777 1347 2835 adno-

175 2885 338 2943 tationibus
371 2894 530 2944 occurrunt
553 2887 705 2961 permulta
739 2885 785 2943 his
819 2884 996 2960 interposita
1025 2885 1072 2942 vel
1107 2884 1245 2959 apposita
1270 2902 1348 2958 quae

89 3043 96 3050 .
176 2994 271 3050 multo
294 2994 384 3052 artius
401 3011 491 3068 quam
517 3011 594 3067 quae
617 3011 707 3068 supra
724 3001 959 3050 commemorata
982 3002 1059 3063 sunt,
1085 2991 1160 3049 inter
1184 3009 1216 3048 se
1240 2991 1347 3048 cohae-

177 3111 243 3159 rent
275 3099 366 3176 idque
400 3111 458 3157 tam
491 3109 608 3159 artent
632 3099 656 3157 si
681 3099 747 3174 quis
771 3097 933 3174 dempserit
956 3098 1007 3156 illa
1031 3097 1182 3173 plenioris
1220 3098 1347 3155 sutorum

176 3206 214 3264 sit
237 3217 268 3263 ut
291 3216 354 3264 tota
378 3205 520 3264 brevioris
545 3206 691 3282 expositio
716 3206 774 3264 iam
799 3224 861 3263 non
886 3205 1082 3280 intellegatur,

284 3331 376 3404 Quod
400 3331 441 3389 ita
465 3350 530 3390 esse
558 3332 685 3407 primum
710 3331 854 3407 exemplis
878 3331 1081 3400 ostendamus,
1107 3329 1217 3387 deinde
1241 3328 1346 3386 diiudi-

177 3455 279 3496 cemus
303 3439 354 3512 qui
379 3439 488 3496 sactum
513 3438 559 3496 sit.
605 3440 670 3514 Janr
695 3439 905 3514 perlustremus
930 3436 1084 3511 exempla:

282 3565 310 3620 A
331 3582 356 3633 1,
378 3565 456 3636 267:
484 3609 506 3633 ,.
523 3607 529 3622 .
544 3566 581 3621 Et
605 3563 707 3622 occiso
731 3561 882 3621 Mezentio
905 3561 1069 3618 Ascanium
1093 3562 1164 3618 sicut
1176 3561 1209 3638 J.
1239 3560 1349 3617 Caesar

175 3670 270 3727 scribit
296 3670 392 3727 Iulum
416 3680 558 3745 coeptum
582 3669 693 3737 vocari,
724 3669 769 3726 vel
788 3669 874 3742 quasi
895 3665 1033 3741 ἰοβόλον,
1058 3667 1092 3724 id
1121 3675 1162 3723 est
1193 3666 1350 3738 sagittandi

167 3777 305 3851 peritam,
329 3775 376 3832 ael
402 3795 420 3834 a
450 3776 547 3851 prima
579 3777 691 3835 barbae
722 3774 864 3850 lanugine
885 3792 973 3848 qaam
996 3771 1104 3836 ἴουλον
1131 3771 1235 3830 Graeci
1255 3773 1350 3829 dictant

175 3901 254 3957 quae
277 3883 305 3939 ei
328 3892 463 3957 tempore
486 3882 627 3941 victoriae
650 3882 848 3940 nascebatur!
886 3879 956 3938 Sine
981 3879 1040 3935 ullo
1065 3878 1158 3937 dubio
1183 3878 1233 3953 qni
1257 3878 1347 3952 scrip-

174 3989 213 4047 sit
245 3989 318 4046 illud
354 3989 440 4059 ,sicut
472 3989 497 4065 J.
535 3991 647 4048 Caesar
670 3988 781 4046 scribit‘
816 3986 1006 4062 integriorem
1041 3985 1184 4043 orationis
1219 3985 1345 4042 sormam

175 4184 418 4191 Μ--μ
428 4183 494 4190 --α

282 4303 315 4377 ⁴⁶)
334 4309 500 4358 Numerantur
517 4307 612 4358 circiter
629 4305 707 4357 mille.

281 4394 315 4464 46)
334 4398 366 4446 Ut
389 4415 404 4447 e
426 4415 518 4462 magno
546 4413 649 4446 numero
678 4395 849 4461 exemplorum
877 4409 956 4460 panca
982 4410 1134 4464 enumerem,
1164 4391 1197 4444 ct‘.
1228 4407 1252 4453 2,
1276 4393 1341 4456 6963

171 4501 199 4558 4,
222 4485 265 4558 56,
288 4497 351 4552 359;
386 4487 411 4557 8,
433 4488 500 4549 624;
532 4477 647 4556 9‚116';
684 4500 723 4555 rr,
748 4498 806 4546 144.
