3170 5180
649 292 870 348 ..41-

279 474 384 547 Aeque
409 482 499 547 atque
523 474 548 530 A
568 493 597 548 9,
625 489 687 548 579
712 471 858 548 particula
882 479 972 542 ,nam‘
1002 471 1070 530 ferri
1094 481 1207 529 tantum
1231 475 1339 543 potest,

166 581 194 638 si
212 581 363 656 sequitur:
391 579 453 648 ,ubi
469 580 582 656 optime
598 581 715 639 colores
730 627 736 638 .
750 587 787 640 .‘:
813 592 857 639 est
875 581 954 639 enirn
971 581 1021 640 ille
1038 581 1140 639 locus:
1168 575 1340 652 ,Ferrugine

165 688 266 746 clarus
284 684 410 764 Hibera]
437 688 556 762 ferrugo
580 688 690 746 coloris
714 707 808 763 genus
832 699 884 757 est,
910 689 962 764 qui
986 688 1100 746 vicinus
1125 698 1169 746 est
1193 703 1339 762 purpurae

166 794 340 870 subnigrae.
389 793 506 854 Hibera
529 805 628 853 autem
653 796 745 854 modo
770 815 831 854 non
849 796 996 872 Hispana,
1022 783 1242 854 sed'Pontica:
1268 813 1338 850 nam

166 901 298 959 Hiberia
314 919 382 977 pars
401 901 489 960 Ponti
507 912 551 960 est
573 904 648 960 turer
661 903 805 960 Persidem
822 911 848 961 et
862 904 1041 972 Armeniam,
1066 903 1116 960 aei
1128 904 1227 977 optime
1242 901 1341 958 coleres

164 1009 276 1066 diuersi
296 1010 446 1084 tirrgantar
467 1020 498 1066 ut
522 1010 653 1069 ostendit
678 1010 822 1069 Horatius
846 1010 950 1069 dicens
982 1010 1160 1084 ,herbasque
1185 1026 1259 1084 quas
1281 1008 1341 1082 Jol-

165 1134 223 1174 cos
248 1126 337 1191 atque
361 1115 489 1175 Hiberia
513 1117 610 1188 mittit,
636 1137 820 1177 venenorum
844 1119 944 1178 serax‘.

278 1242 373 1311 Arr,
404 1245 481 1302 160:
514 1243 665 1312 ,Vivendo
689 1243 747 1301 vici
771 1263 838 1303 mea
862 1243 932 1322 sata]
959 1243 1011 1304 diu
1034 1243 1202 1302 vivendo..
1251 1240 1339 1310 ,Vici‘

165 1356 268 1405 autem
294 1367 372 1418 ,mea
388 1349 470 1417 sata‘,
495 1349 526 1409 id
543 1361 588 1409 est
611 1352 777 1410 naturalem
794 1351 931 1410 ordinem
948 1351 1009 1409 vita
1033 1350 1169 1426 longiore
1192 1348 1338 1424 superavi,

164 1456 201 1511 in
224 1456 275 1512 lter
295 1463 415 1525 tannem,
440 1464 474 1513 ut
492 1466 628 1533 superstes
650 1477 734 1516 essem
747 1460 815 1534 filio
838 1474 917 1518 meo:
939 1477 1069 1533 namque
1092 1457 1141 1515 hic
1158 1457 1233 1515 ordo
1258 1465 1340 1513 natu·

167 1561 242 1618 ralis
256 1572 308 1631 est,
328 1572 359 1620 ut
370 1563 429 1620 sint
445 1565 617 1639 parentibus
630 1566 802 1641 superstites
813 1566 918 1624 liberi‘.
941 1568 967 1623 A
982 1586 1030 1635 11,
1049 1567 1128 1641 358:
1145 1563 1341 1638 ‚Veniamque

165 1686 288 1726 oremus
312 1669 351 1726 ab
375 1671 441 1746 ipso
465 1669 562 1749 cedat]
588 1674 687 1748 Asper
710 1673 758 1730 hic
793 1673 949 1749 distinguit
986 1674 1020 1730 id
1050 1681 1091 1730 est
1122 1674 1197 1730 harre
1229 1673 1340 1729 venium

164 1794 288 1845 ereneus,
317 1783 351 1834 ut
374 1781 470 1838 cedat:
500 1788 554 1837 tzur
581 1782 609 1837 si
641 1782 778 1838 coniuncte
808 1781 905 1854 legeris
929 1782 1017 1847 ,cedat
1036 1781 1248 1855 improprium
1272 1779 1341 1851 regi‘

67 1911 73 1919 ·
163 1900 243 1938 neve
266 1885 321 1940 erit
340 1885 452 1943 elocutio
474 1888 631 1944 accersatieu
653 1888 775 1944 iuuenem
801 1887 906 1956 ,cedat.
925 1894 953 1945 .‘.
994 1887 1069 1945 Cum
1087 1885 1207 1944 brevior
1222 1885 1340 1943 Servius

166 1997 285 2046 tantum
321 2003 546 2061 commemoret,
584 1995 712 2068 Asprum
749 1994 807 2051 hoc
838 1995 907 2051 loco
940 1993 1132 2068 distinguere,
1165 2011 1182 2050 a
1208 1991 1340 2067 pleniore

166 2094 274 2152 Servio
297 2114 333 2154 ex
357 2097 447 2172 Aspri
470 2099 626 2167 sententia,
661 2099 691 2156 ni
715 2100 811 2168 fallor,
837 2099 989 2170 docemur,
1023 2099 1279 2174 quemadmodum
1304 2117 1341 2156 ea

165 2199 322 2259 distinctio
348 2203 542 2279 percipienda
574 2205 620 2264 sit.
670 2208 765 2275 A11,
792 2208 875 2282 869:
911 2206 1046 2274 ,Turbati
1079 2206 1195 2280 lugiunt
1226 2203 1337 2282 Rutulil

165 2309 229 2364 hoc
257 2309 296 2367 ad
320 2311 467 2372 Camillae
498 2313 627 2388 pertinet
658 2313 777 2373 laudem
801 2334 859 2389 que
883 2317 989 2372 amisse
1014 2315 1122 2371 turbati
1134 2313 1260 2388 fuerunt
1280 2313 1340 2369 Ru-

165 2415 233 2484 tuli,
256 2425 283 2475 et
304 2416 460 2477 immutata
488 2420 548 2478 sata
580 2419 749 2478 bellorum‘.
797 2420 857 2477 Hic
889 2421 1021 2480 dilucide
1051 2419 1214 2495 perspicies
1248 2438 1339 2493 quam

166 2533 234 2580 arte
258 2524 438 2583 cohaereant
463 2524 539 2584 inter
562 2545 594 2585 se
618 2527 763 2586 brevioris
788 2539 816 2585 et
839 2527 981 2603 plenioris
1007 2527 1099 2586 Servii
1130 2526 1230 2584 verba.
1280 2526 1340 2584 Sed

166 2629 242 2688 satis
266 2631 358 2689 multa
381 2634 519 2707 exempla
542 2628 745 2711 cuniulavi³“):
782 2634 940 2693 transimus
972 2634 1011 2693 ad
1041 2653 1078 2693 ea
1102 2633 1238 2709 pleniora
1262 2653 1340 2707 quae

165 2754 269 2811 neque
303 2737 442 2812 apposita
473 2757 571 2813 neque
603 2739 728 2809 inserta,
763 2741 816 2799 sed
848 2740 987 2799 omnibus
1023 2739 1209 2798 brevioribus
1243 2740 1339 2798 verbis

166 2843 340 2918 anteposita
363 2856 439 2913 sunt,
464 2856 495 2902 ut
519 2848 546 2903 A
566 2866 593 2915 2,
621 2862 702 2922 522:
739 2848 818 2916 ,Non
842 2847 867 2905 si
890 2847 954 2923 ipse
979 2845 1071 2924 meus]
1097 2849 1167 2904 mire
1190 2854 1286 2915 ,rneus‘
1311 2854 1343 2903 ert

166 2952 273 3008 matris
294 2953 499 3026 exprimeretur
520 2953 645 3028 artlfectie.
693 2954 736 3010 Et
757 2955 900 3012 subaudis
925 2963 1036 3029 ‚posset
1052 2954 1235 3012 defendere‘.
1282 2953 1339 3011 Ne·

167 3074 231 3129 que
254 3056 312 3114 hoc
338 3077 397 3116 uno
421 3059 491 3117 loco
515 3079 551 3118 ea
574 3060 649 3118 ratio
674 3061 827 3137 reperitur,
852 3063 905 3121 sed
930 3080 1032 3120 eorum
1050 3063 1183 3119 locorum
1201 3077 1339 3118 numenrs

165 3161 241 3220 satis
275 3183 400 3240 magnus
433 3165 551 3225 videtur
584 3186 649 3226 esse
685 3187 739 3243 pro
772 3187 900 3228 numero
933 3187 1069 3228 versuum
1103 3167 1274 3242 quicunque
1309 3167 1337 3222 in

165 3269 314 3328 Aeneidis
337 3272 458 3330 scholiis
491 3274 631 3348 explicati
663 3287 747 3336 sunt:
783 3294 859 3351 quos
891 3295 1030 3333 numeros
1063 3275 1086 3332 si
1120 3292 1338 3349 comparamus,

166 3376 299 3436 efficitur
322 3378 368 3435 his
392 3378 509 3438 circiter
526 3383 622 3450 8000,
648 3381 705 3439 illis
726 3402 740 3439 2
747 3399 796 3457 50.
844 3383 989 3440 Plenioris
1005 3394 1102 3441 autem
1121 3381 1213 3440 Servii
1238 3381 1338 3447 verba,

165 3483 194 3540 si
225 3502 257 3542 re
281 3503 351 3544 vera
375 3484 581 3544 additamenta
614 3499 691 3558 sunt,
725 3490 816 3564 plane
846 3509 908 3547 non
931 3489 1021 3548 video
1046 3489 1167 3564 quade
1190 3507 1280 3546 causa
1305 3487 1339 3544 iis

164 3591 268 3649 verbis
292 3611 370 3666 quae
395 3592 486 3668 ipsius
511 3596 716 3653 commentarii
739 3607 816 3666 sunt,
841 3607 1069 3672 anteponantur,
1094 3596 1236 3671 quoniam
1261 3605 1337 3670 post·

166 3697 271 3773 posita
295 3699 424 3758 eundem
449 3718 567 3758 sensum
592 3703 746 3777 praebent.

281 3823 361 3881 Vide
384 3823 442 3882 alia
466 3842 543 3898 quae
568 3825 607 3884 ad
624 3826 850 3902 dispositionem
875 3827 1156 3886 commentariorum
1180 3826 1337 3902 pertinent,

166 3932 268 4003 Saepe
306 3930 384 3988 enim
414 3930 550 3989 videmus
584 3932 613 3989 in
643 3933 799 3992 amborum
832 3933 915 3991 libris
947 3934 1176 4009 explicationem
1208 3933 1337 4006 aliquam

165 4035 314 4113 plenioris
338 4035 442 4106 Servii,
471 4035 501 4094 in
525 4037 661 4098 breviore
685 4040 901 4098 commentario
925 4040 1011 4099 valde
1035 4041 1231 4109 decurtatam,
1256 4041 1340 4114 sequi

162 4246 477 4258 .-.--—..-....-..--

275 4367 307 4437 ⁸⁶)
329 4371 385 4420 Alia
413 4372 520 4422 breviter
546 4388 679 4422 enumero:
710 4373 767 4431 Al,
795 4373 856 4435 469,
881 4383 945 4436 701;
976 4385 999 4432 2,
1026 4374 1088 4431 116;
1119 4384 1143 4437 3,
1169 4383 1215 4437 51;
1245 4387 1271 4441 4,
1295 4374 1337 4442 58,

165 4474 228 4528 ¹30,
251 4471 312 4518 200,
333 4459 397 4524 4583
433 4473 473 4529 ιι,
497 4472 561 4529 ¹333
590 4461 620 4510 B.
643 4471 668 4528 7,
688 4474 733 4521 4¹·
