3170 5180
608 317 828 375 ..33-

120 502 155 550 ut
183 492 305 550 brevior
328 492 447 550 Servius
471 493 679 567 personaliter,
713 495 830 568 plenior
860 495 1099 570 impersonaliter
1128 498 1228 556 dicere
1256 517 1301 556 so-

121 593 258 675 leret¹⁷),
305 597 427 655 Thiloni
462 610 560 656 antem
595 618 661 656 eum
697 601 739 658 rei
772 610 877 658 natura
909 621 1042 676 pugnare
1073 604 1189 662 videtur
1219 605 1302 679 quod

120 705 199 762 libri
225 705 350 780 scriptor
374 705 482 780 aliquis
500 705 748 781 impersonaliter,
775 708 909 766 eiusdem
934 710 1084 768 breviator
1107 712 1303 786 personaliter

121 813 217 882 dixit,
253 831 291 870 ne
324 813 389 887 quis
424 812 514 882 dicat,
551 814 719 871 breviorem
752 815 896 884 Servium,
930 834 997 872 eum
1030 828 1181 874 auctorem
1216 835 1300 874 suum

120 918 296 994 pleniorem
315 919 447 977 Serviunt
471 929 515 992 ,ut
530 919 644 977 dictum
661 929 715 988 est,
739 920 870 979 locutum
887 921 1010 990 videret,
1036 923 1184 981 varietatis
1201 924 1301 981 studio

121 1037 315 1084 commotum
339 1026 498 1083 formulam
527 1037 569 1095 ,ut
599 1026 738 1084 diximus‘
770 1045 937 1103 usurpasse,
971 1041 1003 1086 ut
1035 1030 1125 1088 etiam
1149 1030 1301 1105 personali

121 1150 161 1190 ea
188 1132 361 1190 elocutione
384 1121 516 1207 speeiem
539 1133 622 1190 docti
646 1143 737 1208 atque
761 1135 867 1192 eruditi
898 1135 1028 1192 hominis
1051 1155 1123 1211 prae
1147 1155 1179 1194 se
1203 1137 1299 1193 ferret.

238 1242 377 1298 Attamen
410 1257 520 1297 censeo
566 1257 671 1298 omnes
704 1259 899 1299 concessuros
935 1261 1001 1300 esse
1034 1244 1141 1301 eodem
1175 1242 1237 1300 iure
1270 1255 1301 1299 ut

121 1347 320 1422 personalem
344 1346 386 1404 ita
418 1345 650 1422 impersonalem
684 1348 886 1407 elocutionem
922 1349 1083 1424 praecipue
1115 1350 1145 1406 in
1178 1349 1300 1406 scholiis

122 1452 265 1527 undique
288 1452 406 1511 collatis
430 1453 522 1529 ipsius
545 1454 698 1529 scriptoris
722 1455 826 1514 haberi
851 1475 956 1531 posse:
981 1456 1021 1515 de
1045 1457 1080 1514 iis
1107 1457 1185 1514 enirn
1212 1456 1299 1514 rebus

122 1568 242 1618 certum
276 1559 419 1618 iudicium
451 1577 542 1618 nemo
573 1579 715 1635 umquam
740 1563 879 1637 proferet.
927 1563 1057 1621 Accedit
1088 1573 1185 1620 autern
1217 1563 1300 1637 quod

122 1685 209 1740 quae
233 1666 324 1724 Thilo
346 1667 504 1724 affirmavit
533 1669 657 1725 omnino
687 1678 767 1727 certa
790 1687 852 1726 non
877 1681 960 1728 sunt:
993 1671 1020 1726 A
1040 1686 1067 1745 5,
1094 1673 1156 1742 498
1182 1669 1301 1726 brevior

123 1773 248 1831 Servius
273 1773 389 1849 scripsit
414 1772 462 1842 ,de
486 1791 545 1848 quo
570 1775 662 1831 verbo
687 1775 802 1850 plenius
819 1775 927 1833 dicturi
951 1795 1051 1834 surnus
1066 1776 1118 1833 illo
1142 1781 1297 1846 versu.‚.‘,

122 1880 208 1939 idern
235 1879 360 1954 plenior,
386 1881 439 1938 sed
464 1897 518 1956 pro
544 1880 660 1952 ,dicturi
685 1889 794 1939 sumus‘
830 1883 956 1949 ,dicitur‘
992 1884 1093 1949 habet,
1128 1901 1217 1956 quarn
1242 1882 1299 1939 dis·

123 1987 315 2063 crepantiarn
339 1987 410 2044 inde
434 1987 524 2044 Thilo
549 1988 655 2063 repetit
679 1990 772 2064 ,qnod
796 1991 940 2065 plenioris
967 1989 1174 2047 commentarii
1196 1997 1300 2046 auctor

122 2094 268 2153 breviore
292 2104 323 2152 ut
345 2094 458 2154 dudum
483 2095 624 2152 absoluto
659 2096 806 2154 utebatur‘
839 2115 937 2172 neque
970 2097 1083 2170 cogitat
1116 2097 1201 2154 aliter
1231 2113 1299 2152 earn

124 2200 272 2277 explicari
305 2218 404 2276 posse,
440 2220 625 2276 quamquam
658 2202 747 2260 etiam
781 2203 812 2260 in
846 2203 990 2262 brevioris
1015 2203 1108 2261 Servii
1144 2201 1226 2259 libris
1257 2201 1298 2258 in-

124 2308 295 2377 veniuntur,
321 2327 398 2382 quae
422 2308 661 2384 impersonaliter
684 2309 766 2367 dicta
789 2311 847 2368 sint
872 2322 912 2380 ,ut
936 2313 963 2367 A
985 2330 1010 2380 1,
1037 2327 1117 2383 431:
1153 2308 1244 2382 ,quod
1268 2308 1299 2364 in

124 2424 238 2488 quarto
267 2415 476 2489 georgicorum
508 2415 613 2473 melius
645 2416 840 2491 intelligitur&
855 2429 885 2475 et
909 2419 1004 2492 &526
1032 2427 1073 2485 ,ut
1096 2416 1126 2472 in
1150 2415 1298 2490 georgicis

125 2521 317 2580 ostenditur‘.
363 2523 464 2596 Atque
487 2532 518 2579 ut
542 2523 601 2580 hoc
624 2523 665 2580 ita
687 2524 746 2582 alia
770 2526 908 2600 exempla
931 2525 1003 2581 satis
1028 2525 1142 2581 incerta
1166 2533 1242 2579 sunt.

237 2628 300 2686 Etsi
325 2628 404 2686 enim
428 2648 496 2704 pag.
522 2631 594 2686 XIV
619 2630 717 2704 priora
741 2649 848 2689 novem
872 2634 899 2690 A
922 2651 951 2706 3,
978 2647 1082 2706 70--5
1091 2647 1130 2705 50
1154 2631 1212 2686 huc
1235 2647 1298 2704 per-

126 2735 235 2804 tinent,
260 2735 346 2794 aliter
366 2754 413 2794 res
438 2755 470 2794 se
493 2737 586 2795 habet
609 2737 639 2794 in
663 2737 878 2813 posterioribus
903 2748 1016 2814 septem
1042 2739 1066 2794 A
1090 2759 1115 2805 1,
1146 2753 1201 2812 157
1230 2755 1296 2810 sqq.

126 2844 202 2911 Ar,
235 2858 291 2917 157
319 2843 399 2900 enim
425 2855 465 2912 ,nt
489 2862 579 2918 supra
601 2844 714 2902 dictum
736 2850 789 2902 est‘
814 2863 876 2901 non
901 2843 1044 2911 modo’C,
1070 2843 1124 2902 sed
1147 2844 1237 2900 etiarn
1256 2843 1297 2909 M,

127 2959 158 3005 ut
182 2948 249 3025 ipse
266 2949 356 3007 Thilo
380 2949 462 3018 dicit,
487 2951 595 3013 habet:
621 2970 680 3025 qua
697 2971 728 3010 re
745 2953 803 3008 hoc
820 2961 1024 3026 argumentum
1042 2950 1101 3008 iarn
1118 2949 1192 3007 nihil
1208 2949 1297 3023 viget.

127 3056 223 3112 Porro
249 3057 274 3112 A
297 3077 322 3124 1,
352 3076 409 3131 ²31
437 3057 509 3115 illud
536 3068 576 3127 ,ut
599 3057 712 3116 dictum
737 3063 789 3116 est‘
814 3078 876 3117 non
900 3058 1043 3134 plenioris
1067 3057 1160 3115 Servii
1186 3056 1219 3125 C,
1246 3056 1299 3113 sed

128 3160 283 3220 breviores
314 3161 382 3219 libri
413 3163 436 3218 B
467 3174 496 3221 et
527 3165 560 3220 M
583 3164 705 3222 habent.
753 3164 828 3222 Aliis
859 3164 934 3222 locis
965 3183 982 3221 a
1011 3164 1142 3221 Thilone
1172 3162 1300 3220 laudatis

127 3268 237 3328 frustra
270 3270 450 3344 quaesiveris
475 3270 675 3328 revocationis
699 3272 865 3339 formulam,
901 3282 931 3329 ut
955 3273 979 3328 A
1003 3291 1027 3338 1,
1055 3273 1134 3346 665;
1171 3289 1199 3340 2,
1227 3273 1299 3345 562.

130 3376 203 3445 Aa,
234 3395 272 3434 20
297 3387 395 3434 autem
420 3386 448 3433 et
473 3396 502 3448 4,
529 3379 589 3449 672
617 3378 706 3434 Thilo
730 3397 791 3435 non
820 3378 983 3446 adnotavit,
1020 3389 1050 3434 ut
1083 3378 1181 3435 facere
1214 3378 1300 3448 solet,

129 3483 297 3556 pleniorem
320 3482 480 3540 lectionem
505 3483 644 3541 recedere
668 3503 686 3540 a
702 3484 845 3542 brevioris
863 3485 956 3542 Servii
983 3494 1024 3552 ,ut
1048 3483 1185 3540 diximus*
1212 3494 1301 3557 atque

134 3607 160 3657 2,
190 3608 250 3660 14²
276 3589 306 3645 in
330 3588 466 3662 pleniore
490 3589 596 3647 codice
620 3601 775 3665 utramque
797 3591 954 3648 formulam
970 3590 1186 3648 desideramus.
1234 3589 1301 3646 Alia

133 3704 231 3753 autem
250 3696 387 3771 exempla
408 3695 510 3753 insunt
525 3696 556 3753 in
574 3698 718 3755 Serviano
736 3698 952 3756 commentario
969 3715 1046 3772 quae
1063 3698 1152 3772 plane
1169 3706 1302 3771 pugnant

133 3819 200 3860 cnm
225 3803 363 3860 Thilonis
388 3803 545 3878 opinione:
582 3805 706 3880 legimns
743 3805 822 3864 enim
860 3806 890 3862 in
922 3804 1064 3880 plenioris
1093 3803 1187 3860 Servii
1218 3803 1301 3860 libris

134 3907 220 3974 ,sicut
243 3929 331 3985 supra
354 3911 492 3968 diximus‘
518 3911 555 3988 (A
575 3932 602 3982 2,
626 3928 700 3989 1523
726 3933 755 3985 4,
777 3915 856 3987 24⁶3
886 3932 933 3979 10,
956 3911 1039 3986 164).
1089 3910 1160 3982 Quo
1184 3909 1303 3967 accedit

134 4016 216 4088 quod
241 4017 348 4075 usitata
371 4018 513 4092 plenioris
538 4019 631 4076 Servii
655 4019 778 4078 dicendi
803 4021 878 4078 ratio
903 4029 946 4076 est
980 4036 1041 4074 non
1072 4017 1167 4091 tnagis
1198 4017 1302 4090 imper-

134 4124 276 4182 sonaliter
292 4143 384 4199 quam
400 4125 595 4200 personaliter
611 4126 703 4202 loqui,
721 4128 800 4186 velut
817 4128 845 4184 A
867 4147 893 4198 1,
919 4145 993 4198 414,
1020 4144 1094 4200 432,
1122 4139 1195 4200 505,
1222 4125 1301 4198 637;

243 4473 274 4546 ¹⁷)
293 4478 379 4540 rano,
400 4493 458 4544 pag,
479 4479 548 4529 xlv.
