3170 5180
756 257 1016 350 ...μ-,Π

285 465 367 544 pium
405 467 525 530 molitur
556 474 707 530 annates*
761 471 861 544 Atque
893 477 925 526 ut
961 487 997 531 ea
1032 467 1179 532 sententia
1210 467 1406 545 neglegenter
1434 484 1452 527 a

285 576 421 636 breviore
445 576 547 636 Servio
571 557 682 651 scripta
705 586 758 645 est,
783 576 823 638 ita
847 577 922 634 baec
943 593 1082 650 quoque:
1106 577 1135 634 A
1154 595 1218 646 11..
1238 577 1319 649 367:
1346 576 1452 642 ‚Deso-

285 682 408 742 lavimus
432 677 528 763 agros]
554 684 600 740 vel
623 683 694 744 dum
725 683 901 744 occiduntur
925 682 1103 756 agricultores
1135 683 1182 742 vel
1205 683 1276 744 dum
1306 691 1454 756 coguntur

286 789 325 846 ad
360 789 510 848 militiam:
546 809 617 850 nam
656 790 781 866 legimus
817 798 856 858 ‚et
889 789 965 852 latos
1000 799 1118 850 vastant
1152 789 1318 850 cultoribus
1342 793 1452 862 agros.

287 895 509 970 ,Agricultores‘
538 897 618 958 enim
643 897 694 970 qui
722 895 876 967 deleverit,
909 894 969 954 iam
992 883 1054 954 non
1082 895 1256 970 perspiciet,
1285 905 1383 954 utrum
1415 894 1455 954 de

285 1001 360 1076 iugis
384 1002 476 1060 boum
509 1003 555 1060 vel
586 1021 732 1077 equorum
763 1022 800 1064 an
833 1002 870 1062 de
906 1002 1045 1077 agricolis
1077 1002 1203 1071 dicatur,
1234 1001 1361 1062 omnino
1393 1005 1454 1062 noo

285 1107 409 1177 videbit,
434 1109 508 1183 quid
531 1110 588 1168 sibi
610 1109 737 1170 voluerit
759 1109 878 1170 brevior
900 1109 1027 1171 Servius.
1359 1174 1364 1184 ,

393 1217 550 1290 Sequentis
586 1217 645 1275 loci
680 1217 717 1293 (A
735 1237 781 1287 11,
809 1212 887 1298 590)
921 1217 1000 1276 hanc
1036 1217 1132 1278 solam
1166 1215 1305 1278 adscribo
1338 1223 1458 1291 partem

287 1340 365 1396 quae
389 1333 449 1383 est:
475 1321 640 1400 ,Ultricem]
659 1323 783 1386 nomina
798 1325 894 1385 omma
909 1325 940 1380 in
955 1343 977 1379 x
992 1324 1086 1382 littera
1109 1323 1267 1384 terminate
1291 1323 1457 1381 ablativum

287 1429 467 1503 singularem
491 1431 521 1487 in
546 1433 582 1500 ,e‘
607 1431 739 1503 mittunt;
757 1429 927 1506 genetivum
950 1448 1021 1490 vero
1038 1431 1183 1505 pluralem
1206 1428 1237 1490 irr
1253 1434 1324 1502 ,um‘
1349 1418 1458 1506 excep-

287 1535 324 1592 tis
347 1536 392 1593 bis
416 1555 494 1610 quae
525 1537 622 1596 omnis
646 1550 714 1597 sunt
737 1537 863 1612 generis
895 1547 926 1598 ut
960 1537 1126 1605 ‚felix..‘:
1152 1539 1224 1598 nolo
1245 1514 1329 1598 ¹enim
1360 1548 1456 1610 totam

287 1642 373 1700 huius
397 1643 606 1702 declinationis
638 1644 855 1720 expositionem
879 1643 1053 1704 Servianam
1079 1645 1200 1706 afferre:
1226 1644 1326 1704 multis
1356 1644 1457 1704 verbis

287 1749 327 1806 de
350 1748 416 1823 ipso
439 1749 562 1811 nomine
579 1750 620 1819 ,iu
643 1771 662 1806 x
685 1750 769 1808 litera
785 1749 954 1808 terminato‘
975 1750 1134 1812 disseritur
1157 1768 1257 1825 neque
1280 1761 1312 1810 ut
1335 1751 1459 1810 brevior

288 1855 406 1916 Servius
429 1857 491 1914 vult
525 1857 563 1916 de
580 1857 750 1916 nominibus
775 1856 948 1929 terminatis,
968 1857 1019 1931 qui
1043 1876 1104 1918 non
1121 1857 1307 1932 perspexisse
1327 1857 1456 1926 videtur,

289 1962 390 2020 omnia
413 1963 546 2033 nomina,
571 1981 753 2038 quamquam
783 1963 933 2024 diversum
963 1963 993 2020 in
1023 1964 1156 2033 modum,
1192 1963 1349 2024 terminata
1378 1983 1456 2024 esse.

288 2071 320 2126 B.
341 2085 369 2141 7,
397 2071 455 2143 58:
497 2070 656 2138 ,..Sane
688 2069 853 2142 sciendum,
890 2069 1056 2145 Vergilium
1091 2069 1251 2145 pampinos
1289 2087 1457 2144 numquam

287 2193 346 2232 cam
366 2194 466 2248 genere
488 2176 598 2245 dicere,
624 2175 677 2236 sed
693 2178 860 2237 Varronem
876 2175 918 2233 uti
936 2175 1118 2250 frequentius
1136 2177 1303 2238 feminino!
1350 2177 1459 2236 Omni·

289 2283 345 2342 bus
369 2291 451 2357 patet
474 2281 673 2357 oppositionis
696 2300 786 2342 causa
809 2300 884 2356 opus
908 2299 974 2342 esse
997 2282 1070 2344 illud
1093 2283 1236 2358 plenioris
1259 2283 1353 2342 Servii
1377 2302 1459 2354 ,cum

290 2395 408 2464 genere‘
433 2398 463 2446 et
486 2389 511 2446 si
535 2388 778 2463 quaesiverimus
813 2389 920 2448 falsum
944 2388 1119 2459 invenietur,
1145 2389 1312 2465 Vergilium
1344 2391 1460 2466 pampi-

290 2515 345 2552 nos
369 2513 533 2569 numquam
556 2494 723 2570 scripsisse:
749 2494 858 2556 etenim
885 2495 1010 2570 legimus
1023 2496 1115 2571 Verg.
1141 2496 1178 2556 G.
1201 2517 1227 2566 r,
1255 2499 1335 2568 448:
1361 2496 1461 2568 ,Heni

291 2603 453 2662 maletum
478 2601 556 2660 mitis
592 2601 735 2662 defendet
766 2600 911 2676 pampino
935 2607 1028 2661 uvas!
1077 2602 1137 2663 Sed
1161 2603 1200 2664 de
1229 2603 1287 2662 hac
1317 2621 1350 2664 re
1371 2605 1463 2662 nobis

290 2708 416 2783 amplius
439 2707 652 2782 disputandum
677 2725 738 2768 non
774 2718 819 2768 est
842 2727 909 2769 cum
942 2709 1007 2783 ipse
1030 2708 1121 2768 Thilo
1148 2709 1291 2770 admonet
1315 2709 1346 2770 in
1369 2729 1463 2786 appa·

292 2825 356 2872 ratu
380 2814 483 2872 critico
499 2814 585 2872 huius
608 2814 684 2874 loci:
723 2833 800 2884 ,cum
831 2812 951 2892 genere‘
984 2814 1077 2876 Servii
1106 2834 1174 2878 esse
1196 2816 1464 2893 videntursuergo

292 2920 409 2997 plenior
432 2921 549 2979 Servius
574 2939 644 2979 vera
668 2921 811 2980 Serviana
834 2923 923 2980 nobis
947 2922 1070 2980 tradidit
1093 2921 1144 2998 (cf.
1169 2924 1243 2998 As,
1270 2923 1356 3000 380).

399 3047 540 3103 Extremo
564 3046 633 3103 loco
650 3045 775 3120 legimus
793 3047 830 3104 G.
852 3065 881 3118 4,
909 3061 991 3122 522:
1010 3047 1191 3117 ,Marmorea
1206 3057 1297 3123 caput
1313 3065 1331 3106 a
1347 3047 1465 3106 cervice

295 3149 453 3229 revulsum]
479 3152 511 3210 id
535 3163 579 3210 est
602 3153 735 3228 pulchra.
784 3155 863 3211 Sane
886 3154 991 3216 alludit
1012 3155 1051 3213 ad
1075 3154 1106 3213 id
1130 3155 1212 3228 quod
1228 3154 1302 3216 dicit
1325 3153 1479 3235 Ovidius·

295 3260 366 3336 quia
390 3277 457 3316 cum
483 3268 572 3334 caput
596 3260 658 3317 eius
681 3260 813 3319 delatum
838 3261 877 3319 ad
901 3261 995 3337 ripam
1018 3272 1128 3338 serpens
1151 3262 1288 3324 mordere
1312 3261 1466 3332 voluisset,
1569 3255 1570 3260 ’

293 3377 337 3425 est
361 3383 520 3424 conversus
545 3365 575 3423 in
599 3366 751 3441 lapidem.⁴

402 3473 473 3530 Non
498 3472 658 3548 explicavit
686 3473 805 3531 brevior
835 3473 952 3532 Servius
976 3474 1043 3548 quis
1067 3485 1156 3551 caput
1180 3475 1294 3551 Orphei
1325 3476 1469 3535 mordere
1569 3517 1570 3522 κ

293 3579 435 3648 voluerit,
484 3588 516 3637 ut
556 3577 633 3640 illius
669 3581 824 3641 adnotatio
866 3582 954 3638 stulta
990 3592 1079 3656 atque
1110 3601 1188 3640 vana
1222 3601 1287 3641 esse
1317 3581 1468 3655 videatur,
1569 3603 1570 3620 ¹

295 3705 372 3762 quae
412 3687 547 3761 perbona
586 3696 630 3744 est
669 3705 728 3744 una
766 3706 839 3745 voce
875 3695 1017 3763 ,serpens
1053 3707 1107 3746 suo
1142 3690 1211 3747 loeo
1246 3687 1467 3766 redintegrata:
1569 3709 1570 3736 ³

295 3795 354 3851 iam
385 3793 530 3851 habemus
562 3794 601 3852 ad
634 3794 717 3868 quod
749 3795 892 3866 alludunt,
926 3813 993 3853 cum
1024 3795 1063 3854 de
1090 3795 1203 3854 Ovidio
1230 3795 1349 3856 dicant:
1389 3797 1467 3857 Met.

301 3919 348 3968 11,
376 3903 414 3975 56
440 3917 523 3974 sqq.:

404 4024 475 4094 ,Hic
498 4025 576 4082 ferus
600 4025 766 4101 expositum
790 4025 953 4102 peregrinis
979 4026 1083 4102 anguis
1106 4026 1203 4086 arenis

404 4131 447 4189 Os
472 4131 545 4207 petit
568 4143 597 4190 et
620 4152 740 4208 sparsos
764 4134 885 4193 stillanti
909 4152 975 4194 rore
999 4134 1135 4210 capillos

404 4240 541 4297 Tandem
566 4240 704 4299 Phoebus
728 4241 821 4312 adest,
847 4259 1022 4320 morsusque
1045 4241 1153 4300 inserre
1177 4251 1332 4317 parantem

403 4348 502 4414 Amet,
528 4355 557 4404 et
580 4345 610 4403 in
633 4347 765 4422 lapidem
790 4347 878 4405 rictus
903 4347 1048 4428 serpentis
1074 4357 1193 4424 apertos

404 4452 561 4528 Congelat‚
586 4465 614 4511 et
638 4454 766 4529 patulos,
791 4463 823 4512 ut
846 4464 938 4525 erant,
963 4454 1082 4513 indurat
1105 4453 1222 4514 hiatus‘.
