3170 5180
767 287 988 368 „33-

292 461 479 567 quaestione,
504 489 578 548 nihil
603 497 647 548 est
670 505 731 563 quo
755 486 962 562 impediamur.
1013 485 1074 545 Sed
1101 484 1156 545 etsi
1180 501 1242 542 uon
1274 480 1463 558 impedimur,

292 598 452 672 quominus
469 615 506 656 ea
522 607 639 654 utamur
662 595 797 654 nondum
827 603 858 652 ut
875 594 954 651 hanc
978 611 1139 668 sequamur
1163 592 1245 650 illam
1270 590 1464 665 neglegamus

292 704 435 781 cogimur.
484 704 601 762 Causae
625 701 712 777 igitur
736 700 928 776 quaerendae
962 709 1031 758 sunt
1061 710 1092 758 ut
1125 699 1248 756 tandem
1281 697 1320 756 ad
1354 705 1465 753 certum

292 811 498 888 perveniamus
522 809 675 869 iudicium.

402 917 570 993 Diligenter
597 915 771 991 quaesivere
795 913 849 970 viri
884 913 966 972 docti
998 931 1100 988 quas
1133 931 1196 972 res
1230 910 1371 972 Servii
1405 929 1466 968 ex-

294 1026 333 1101 pl
347 1023 355 1082 i
367 1043 384 1082 c
395 1041 412 1082 a
422 1043 440 1078 v
453 1022 543 1082 erin
553 1034 573 1081 t.
623 1022 725 1096 Quare
748 1019 877 1078 breviter
892 1020 1158 1096 comprehendam,
1184 1038 1262 1095 quae
1280 1019 1372 1078 nobis
1389 1015 1468 1075 utilia

295 1142 371 1190 sunt.
421 1130 542 1190 Plenior
560 1129 678 1188 Servius
702 1127 784 1186 varia
808 1127 1062 1203 conglomeravit:
1088 1127 1164 1186 sicut
1179 1128 1298 1187 brevior
1313 1127 1356 1186 ita
1380 1125 1467 1184 etiam

294 1239 343 1296 hic
367 1238 397 1295 in
421 1237 510 1296 rebus
534 1235 737 1312 grammaticis
761 1233 859 1293 studia
881 1228 1061 1310 collocat²⁰)‚
1088 1252 1180 1310 saepe
1203 1234 1373 1293 doctrinam
1399 1234 1467 1290 Ver·

294 1345 362 1421 gilii
383 1363 473 1420 quam
496 1343 613 1402 subtilis
648 1360 799 1418 quamque
832 1341 989 1400 recondita
1024 1341 1119 1411 fuerit,
1155 1334 1395 1417 demonstrattl),
1429 1340 1466 1396 in·

295 1452 398 1528 primis
422 1470 468 1510 res
492 1469 603 1520 sacras,
628 1450 753 1509 deorum
777 1458 806 1507 et
822 1448 946 1506 heroum
963 1448 1081 1506 fabulas
1097 1442 1239 1524 narrat²⁸)
1257 1457 1348 1523 atque
1365 1464 1468 1505 omnes

296 1558 488 1634 antiquitates
507 1549 774 1629 commemorat²⁹).
819 1555 942 1614 Brevior
958 1563 1056 1613 autem
1074 1554 1192 1613 Servius
1208 1554 1468 1631 grammaticarum

298 1684 396 1725 rerum
431 1665 610 1740 permultum
635 1663 759 1721 rationis
784 1661 884 1732 habet,
910 1660 964 1720 sed
990 1660 1062 1720 alias
1086 1661 1152 1720 illas
1175 1681 1222 1720 res
1246 1679 1343 1738 paene
1372 1660 1468 1735 negle-

296 1765 389 1849 git³⁰).
437 1774 579 1830 Attamen
603 1769 811 1828 commentarii
846 1786 907 1826 non
932 1768 973 1826 ita
996 1768 1156 1844 compositi
1181 1777 1257 1838 sunt,
1290 1778 1322 1826 ut
1352 1766 1469 1826 brevior

296 1879 413 1938 Servius
438 1878 646 1955 grammaticas
671 1877 863 1952 quaestiones
887 1875 1027 1951 explicet,
1053 1875 1126 1933 alias
1144 1893 1190 1934 res
1210 1875 1322 1934 adiciat
1337 1874 1467 1952 plenior:

298 2005 390 2062 saepe
414 1986 476 2044 eius
501 1985 543 2043 rei
567 1987 657 2061 plane
681 1983 862 2042 contrarium
888 1981 1051 2042 invenitur:
1086 1993 1294 2056 argumentum
1327 1982 1376 2041 vel
1408 1999 1468 2038 rem

297 2111 374 2167 quae
399 2093 438 2150 ad
461 2092 572 2150 lemma
596 2100 721 2167 spectat,
747 2089 870 2166 exponit
893 2089 1015 2147 brevior
1037 2088 1164 2158 Servius,
1190 2088 1270 2148 idem
1295 2089 1389 2148 docet
1411 2087 1468 2163 ple·

297 2199 365 2257 nior
388 2209 478 2273 atque
501 2198 585 2257 addit
610 2196 836 2274 grammaticam
860 2195 1146 2271 interpretationem.

380 2297 382 2304 ’
406 2306 497 2364 Velut
520 2307 547 2362 A
570 2323 596 2373 1,
623 2321 703 2380 301:
730 2301 833 2381 ,Citus]
845 2311 903 2378 pro
918 2305 978 2371 cito,
1002 2303 1165 2361 adverbticm
1182 2305 1311 2378 temporis
1327 2305 1358 2360 in
1374 2320 1469 2360 nonan

298 2413 446 2489 deflexum.
492 2411 537 2469 Et
557 2413 621 2470 bene
643 2414 693 2470 hoc
706 2411 738 2468 dc
760 2411 924 2480 Mercurio,·
947 2427 1014 2467 cum
1039 2409 1118 2467 enim
1136 2409 1194 2468 alia
1217 2409 1304 2484 signa
1319 2409 1407 2468 tarde
1432 2406 1467 2465 ad

300 2531 380 2579 ortus
404 2537 473 2576 suos
497 2529 659 2588 recurrant,
696 2517 860 2576 Mercurius
893 2525 1001 2574 octavo
1035 2515 1155 2575 decimo
1188 2515 1238 2576 die
1271 2516 1302 2574 in
1326 2526 1394 2575 ortu
1416 2533 1467 2574 suo

300 2619 508 2702 invenitur⁴³¹).
1035 2694 1037 2698 ¹

407 2731 553 2791 Videmus
577 2730 665 2806 igitur
689 2729 718 2787 id
744 2729 827 2804 quod
851 2729 944 2804 ipsius
965 2728 1109 2788 brevioris
1135 2729 1228 2788 Servii
1253 2747 1318 2790 esse
1353 2727 1466 2794 dicitur,

300 2857 391 2915 saepe
419 2857 480 2896 non
517 2838 556 2896 ab
590 2838 658 2907 hoc,
691 2836 745 2895 sed
769 2856 787 2894 a
810 2836 945 2912 pleniore
969 2836 1072 2895 Servio
1103 2835 1246 2912 scriptum
1279 2854 1359 2912 esse3
1393 2833 1469 2893 unde
1552 2887 1553 2894 ,

301 2945 437 3013 efficitur,
471 2955 502 3002 ut
535 2963 596 3002 non
629 2955 708 3002 totus
741 2943 859 3002 brevior
892 2942 1124 3002 commentarius
1158 2942 1277 3018 aequali
1307 2943 1413 3002 habitu
1436 2957 1469 2998 ac

300 3063 404 3110 tenore
428 3044 519 3133 εἷθ’).

350 3157 353 3162 '
410 3158 603 3232 Quamquam
638 3167 718 3215 certe
750 3156 864 3215 maiore
899 3156 1080 3231 aequalitate
1103 3156 1128 3214 is
1152 3156 1385 3215 commentarius
1408 3169 1469 3213 esse

301 3265 419 3323 uidetur
443 3265 526 3322 cuius
552 3264 763 3322 adnotationes
788 3273 878 3338 atque
894 3263 1155 3338 interpretationes
1171 3263 1242 3321 satis
1258 3281 1372 3338 parvae
1388 3259 1469 3320 facile
1552 3237 1553 3242 ἵ

302 3371 514 3447 intelleguntur
538 3379 627 3445 atque
651 3370 734 3427 brevi
752 3369 782 3426 in
800 3380 965 3445 conspectu
981 3369 1096 3444 positae
1113 3379 1181 3426 sunt
1216 3387 1305 3444 quam
1322 3367 1469 3444 pleniores

303 3478 511 3538 commentarii
535 3477 565 3536 in
590 3477 709 3553 quibuS,
734 3486 765 3534 ut
789 3495 878 3552 supra
901 3475 973 3546 dixi,
1000 3475 1081 3534 varia
1105 3476 1216 3552 scripta
1239 3467 1427 3552 leguntur³⁸).

410 3756 442 3824 ²⁶)
461 3759 548 3826 Thilo,
569 3774 627 3823 pag.
646 3759 705 3806 XX.

411 3844 443 3914 ²⁷)
463 3847 549 3915 Thilo,
570 3863 630 3912 pag.
651 3847 746 3895 XXVI.

412 3934 446 4002 ¹⁸)
466 3937 560 3984 Thom.
582 3952 642 4000 pag.
665 3946 708 3998 50.

412 4024 442 4094 ¹⁹)
463 4027 557 4076 Thom.
574 4043 632 4090 pag.
653 4036 698 4086 77;
722 4025 834 4088 inprimis
855 4035 887 4089 57
906 4041 963 4090 sqq.
985 4025 1018 4075 86
1038 4042 1076 4091 sq.

412 4113 444 4182 80>
462 4116 494 4172 cf,
516 4117 602 4182 Thilo,
624 4133 683 4180 pag.
705 4116 830 4174 XXVIlI;
853 4116 975 4175 Thomas,
998 4131 1057 4180 pag.
1080 4116 1139 4173 206,
1164 4129 1224 4179 231.

411 4203 444 4269 ³¹)
465 4206 498 4255 cs.
520 4207 575 4270 ΑΙ,
598 4220 640 4273 20,
662 4219 705 4269 30,
728 4217 793 4267 323;
817 4205 842 4270 8,
857 4216 906 4266 717
926 4212 951 4254 et
969 4206 1032 4255 alios
1050 4206 1129 4258 locos.

340 4367 345 4374 .
411 4292 444 4363 ³¹)
463 4295 496 4344 cs.
518 4295 605 4362 Thilo,
627 4311 685 4358 pag.
709 4293 819 4362 XXVII,
840 4295 960 4350 LXXlV;
986 4295 1100 4343 Thomas
1119 4311 1177 4359 pag.
1202 4294 1260 4343 182.

412 4381 447 4449 ⁸³)
466 4386 586 4434 Attamen
604 4384 646 4433 hic
658 4385 721 4432 liber
739 4385 811 4434 unius
829 4385 954 4448 scriptoris
974 4384 1080 4433 consilio
1099 4385 1252 4448 compositus
1270 4391 1315 4432 est.
1333 4385 1367 4433 cl.
1389 4381 1466 4436 Thilo,

303 4490 363 4540 pag.
384 4473 477 4523 LXVI.
