3170 5180
769 301 990 357 ..4ο-

296 503 351 542 nan
384 490 543 556 atrumque,
575 484 626 540 sed
654 483 822 540 alterutram
846 480 920 555 fieri
944 486 1059 555 poterat
1087 479 1165 554 quad
1183 476 1390 537 suadebam).
1407 525 1412 537 .
1429 527 1433 537 .
1450 486 1466 536 .‘

296 593 369 663 A3,
400 610 475 663 113:
512 592 628 660 ,Postea
653 589 862 664 Hippomenes
885 589 1037 645 Venerem
1069 598 1100 644 ut
1133 587 1189 644 sibi
1213 589 1244 644 ia
1266 607 1296 644 ea
1318 589 1468 644 certamine

297 698 416 756 adesset
439 697 573 772 rogavit:
605 716 623 754 a
647 715 706 771 qua
729 713 797 752 curn
821 694 989 769 accepisset
1012 694 1051 752 de
1074 694 1161 751 horto
1185 694 1393 769 Hesperidum
1415 694 1468 750 tria

296 804 377 861 mala
401 821 500 869 aurea,
527 801 702 876 provocavit
725 801 856 875 puellam
880 800 920 859 ad
937 818 1055 858 cursum
1079 811 1108 858 et
1131 819 1191 858 cam
1214 821 1242 858 se
1264 801 1374 858 uideret
1388 809 1468 876 passe

296 911 429 984 seperari
456 909 574 983 singula
606 908 706 982 coepit
738 908 855 966 iacere‘.
905 909 932 963 A
949 927 978 978 4,
1006 924 1020 981 7
1027 925 1063 982 3:
1102 905 1263 985 ,Dictaeosl
1296 909 1466 966 Cretenses,

298 1017 409 1074 Cervae
433 1015 605 1074 vulneratae
628 1015 813 1072 dictamnum
839 1023 985 1088 quaerunt
1007 1034 1065 1089 qua
1085 1022 1202 1088 gustata
1217 1016 1283 1090 fere
1305 1015 1469 1076 vulnerans

297 1123 350 1180 tela
383 1122 521 1196 depellant
550 1131 582 1179 ut
614 1121 645 1178 in
678 1120 860 1180 duodecimo
893 1120 1018 1196 legimus
1050 1140 1121 1191 ,non
1145 1121 1196 1180 illa
1219 1121 1288 1180 feris
1313 1122 1470 1198 incognita

298 1229 395 1304 capris
419 1229 575 1304 gramina‘.
1120 1299 1122 1303 ,

405 1335 614 1393 Necessarium
639 1353 735 1410 paene
759 1335 886 1405 videtur,
911 1343 1178 1394 commentatorem
1194 1336 1283 1395 nobis
1308 1336 1470 1395 ostendere

298 1444 419 1517 quade
443 1461 533 1500 causa
556 1443 726 1502 vulneratae
750 1461 856 1501 cervae
880 1455 1026 1516 quaerant
1042 1462 1077 1501 ea
1092 1443 1243 1518 gramina:
1268 1444 1372 1502 omisit
1397 1444 1470 1500 haec

297 1549 427 1618 brevior,
453 1551 543 1608 habet
566 1551 684 1625 plenior
707 1551 836 1608 Servius.
1259 1629 1262 1636 Ι

404 1659 431 1713 Α
449 1660 477 1725 6,
504 1675 586 1730 474:
613 1658 800 1732 ,Respondet
824 1654 910 1733 curis]
938 1667 988 1714 aut
1011 1657 1075 1732 pari
1100 1677 1165 1716 earn
1182 1657 1279 1731 diligit
1296 1658 1470 1718 adfectione

297 1763 331 1820 id
357 1771 398 1821 est
428 1771 538 1821 tantam
569 1771 652 1820 artavit
681 1773 819 1838 quarratam
850 1772 964 1822 amatia
987 1772 1028 1821 est
1050 1799 1090 1806 —
1115 1765 1197 1838 quod
1222 1765 1251 1821 in
1276 1767 1386 1826 Aenea
1410 1785 1469 1823 non

297 1870 351 1928 fuit
382 1872 434 1944 qui
457 1871 525 1944 plus
555 1878 669 1928 narratas
701 1879 742 1928 est
769 1879 796 1928 et
820 1879 962 1929 amantem
986 1873 1107 1929 deseruit
1131 1905 1170 1914 —-
1196 1882 1226 1929 ut
1249 1873 1406 1948 expressio
1431 1873 1470 1930 rei

298 1995 386 2051 supra
410 1976 509 2034 dictae
534 1976 571 2033 sit
596 1986 775 2050 ,aequatque
799 1977 950 2052 Sychaeus
975 1997 1127 2037 amorem.
1145 1983 1162 2036 .‘

405 2102 431 2156 A
451 2117 478 2172 7,
491 2177 493 2184 y
507 2118 585 2174 209:
613 2098 754 2177 ,Corythil
782 2099 926 2176 oppidum
952 2111 980 2160 et
1005 2121 1090 2160 mons
1114 2103 1196 2160 dicta
1213 2122 1230 2160 a
1246 2121 1316 2176 rege
1338 2105 1469 2178 Corytho,

257 2292 260 2296 Ι
298 2215 331 2264 ut
345 2214 472 2282 putatur
495 2227 513 2263 a
538 2207 706 2280 quibusdam
730 2217 814 2282 patre
837 2207 983 2277 Dardani,
1008 2209 1049 2265 ibi
1069 2209 1192 2284 sepulta‘.

405 2334 478 2400 Α8,
505 2334 581 2390 681:
619 2331 768 2405 ,Aperitur
791 2332 900 2390 vertice
924 2330 1015 2410 sidus]
1031 2341 1163 2408 'apparel
1184 2333 1266 2391 sidus
1290 2333 1320 2390 in
1348 2333 1467 2401 vertice,

302 2439 360 2496 hoc
384 2449 428 2496 est
452 2457 540 2513 super
569 2439 696 2512 galeam.
745 2439 821 2496 Nam
860 2457 895 2496 ex
933 2457 994 2514 quo
1023 2451 1158 2516 tempore
1190 2460 1242 2516 per
1274 2440 1358 2500 diem
1388 2441 1471 2498 stella

299 2546 361 2602 visa
385 2555 438 2613 est,
463 2546 534 2602 dum
559 2544 775 2602 sacrificaretur
797 2545 908 2603 Veneri
932 2547 1075 2620 genetrici
1100 2559 1129 2605 et
1152 2547 1214 2606 ludi
1238 2549 1381 2606 funebres
1399 2547 1467 2605 Cae-

299 2653 356 2709 sari
378 2652 595 2718 exhiberentur,
614 2650 817 2725 pertriduum
840 2652 918 2708 stella
943 2655 1081 2726 apparuit
1102 2655 1132 2710 in
1149 2629 1343 2728 sattenti‘taaa
1377 2652 1469 2726 Quod

299 2759 381 2816 sidus
402 2759 534 2816 Caesarei
557 2768 690 2832 putatum
715 2767 758 2815 est
776 2760 912 2832 Augusto
928 2759 1135 2834 persuadente,
1157 2780 1225 2816 nam
1247 2761 1307 2817 tileo
1321 2761 1469 2833 Augustas

298 2866 425 2922 artantibus
458 2867 559 2922 statuis
581 2883 655 2938 quas
677 2865 823 2921 alienatae·
849 2865 982 2924 Caesarei
1004 2868 1111 2935 stamit,
1135 2868 1210 2924 hanc
1230 2867 1338 2924 stellam
1362 2867 1468 2924 adiecit.

300 2973 364 3046 Ilia
383 2991 448 3027 uera
464 2971 609 3043 Augustus
634 2971 663 3027 in
688 2971 833 3030 honorem
849 2972 940 3046 patris
957 2974 1072 3032 stellam
1090 2973 1120 3030 in
1136 2975 1224 3048 galea
1241 2975 1340 3048 coepit
1358 2973 1469 3032 habere

300 3078 474 3152 depictam‘.
524 3077 668 3134 Concedo
702 3077 845 3135 brevioris
870 3079 963 3136 Servii
992 3080 1083 3138 verba
1107 3082 1172 3138 sola
1202 3099 1255 3156 per
1279 3099 1311 3138 se
1335 3078 1468 3153 intellegi

300 3202 403 3258 posse:
430 3183 627 3258 quaesiverim
651 3194 759 3254 autem,
784 3203 855 3242 num
880 3187 1038 3261 quisquam
1055 3188 1112 3245 sibi
1129 3188 1316 3263 persuaserit,
1342 3186 1467 3263 imperio

300 3292 440 3347 Romano
464 3289 579 3364 pridem
605 3291 756 3348 destructo
780 3286 912 3368 fuisse³⁵)
937 3304 995 3350 tam
1022 3295 1167 3352 eruditum
1192 3294 1345 3354 hominem
1372 3294 1423 3370 qui
1452 3311 1467 3348 e

299 3373 397 3464 sensu,
422 3415 439 3454 e
463 3407 604 3454 contextu
628 3398 780 3473 scriptoris
803 3399 934 3474 singulas
957 3402 1118 3460 sententias
1134 3412 1223 3476 atque
1241 3403 1466 3461 adnotationem

299 3513 391 3560 totam
425 3503 622 3578 amplificaret
652 3515 742 3579 atque
774 3505 804 3563 id
837 3525 897 3563 non
930 3518 990 3564 tam
1015 3508 1199 3578 curatione,
1230 3519 1262 3566 ut
1285 3525 1465 3583 supervacua

300 3621 328 3667 et
352 3609 454 3666 inania
478 3611 604 3668 adderet
628 3630 721 3686 quam
745 3613 785 3670 ita
809 3623 839 3670 ut
863 3613 1007 3672 brevioris
1032 3615 1126 3673 Servii
1151 3616 1243 3674 verba
1268 3615 1358 3673 etiam
1383 3611 1465 3672 novis

299 3717 388 3774 rebus
413 3727 503 3791 atque
526 3718 601 3775 locis
625 3719 775 3783 firmaret?

406 3826 433 3880 A
451 3844 479 3898 9,
506 3841 586 3899 415:
618 3827 735 3895 ,Telum
765 3827 895 3886 librabat
919 3829 957 3886 ab
987 3827 1067 3906 aurel
1103 3840 1202 3904 gestus
1232 3829 1389 3887 iaculantis
1421 3846 1464 3885 ex·

300 3929 453 4005 primitur:
494 3931 599 3988 duabus
634 3940 726 3989 autem
759 3935 906 4006 generz'bus
941 3936 1092 3994 tirannum
1127 3937 1181 3993 tela
1216 3937 1383 4006 mittantur,·
1417 3941 1463 3990 aut

300 4037 379 4094 enim
405 4037 444 4093 ab
468 4055 547 4104 aure,
574 4047 625 4094 aut
649 4059 666 4096 a
690 4041 782 4099 latere
805 4042 863 4099 tela
886 4042 1052 4102 iaciuntur‘.
1100 4044 1178 4101 Illud
1202 4055 1263 4112 ,aut
1286 4043 1375 4101 enim‘
1407 4040 1463 4116 ple·

300 4144 393 4202 nioris
419 4143 513 4202 Servii
536 4144 635 4204 verbis
660 4147 841 4221 interpositis
867 4148 960 4216 multo
977 4149 1085 4208 rectius
1100 4150 1217 4211 videtur
1233 4149 1374 4225 scripturn
1391 4164 1460 4207 esse.

406 4458 438 4530 85)
461 4460 493 4508 ct'.
515 4461 602 4530 Thilo,
623 4478 683 4526 pag.
703 4463 807 4519 LXVII,
