3170 5180
630 307 852 362 ..29-

146 479 250 555 ignari
273 491 372 540 essent
395 480 516 556 reginae
541 475 677 559 amorisl)
702 492 790 558 atque
814 501 902 542 verae
925 483 1066 543 sacrificii
1090 503 1201 544 causae
1224 486 1326 544 nescii.

148 587 228 646 Sola
251 587 330 646 enirn
347 589 436 647 Anna
460 587 589 646 Didonis
613 607 698 647 soror
721 602 846 648 noverat
870 591 990 666 reginae
1016 591 1197 660 ‚flanrmam‘.
1247 595 1327 668 Ergo

146 704 233 752 totus
267 695 317 754 ille
349 696 433 753 locus
464 705 494 754 et
517 695 703 756 brevioribus
727 707 756 754 et
779 697 964 772 plenioribus
988 698 1071 756 libris
1096 716 1186 756 manu
1211 699 1328 776 scriptis
1372 680 1378 688 ¹

147 811 309 877 corruptus
332 802 370 863 ad
394 821 450 862 nos
474 803 607 878 pervenit
635 821 734 878 neque
762 804 923 879 quicquam
948 805 1045 872 refert,
1070 814 1166 864 utrum
1191 807 1328 882 pleniora

147 926 168 965 a
191 908 381 968 brevioribus
405 909 666 986 seiunganturnec
690 928 738 981 ne,
763 917 829 968 curn
854 911 956 970 vitium
982 912 1056 970 illud
1081 912 1142 987 ,qui
1167 913 1327 972 admonue-

146 1025 240 1075 runt.
256 1017 276 1076 .‘
298 1035 359 1076 non
384 1016 512 1076 tollatur.

260 1126 287 1182 A
305 1126 334 1193 8,
364 1139 441 1199 173:
468 1126 588 1198 ,Annua
612 1142 690 1200 quae
713 1125 831 1184 differre
848 1123 940 1203 nefas]
961 1125 1164 1185 anniversaria
1180 1126 1326 1186 sacrificia

146 1231 182 1288 id
209 1239 253 1288 est
280 1232 434 1300 sollemnia,
465 1231 535 1291 ideo
568 1251 630 1292 non
663 1232 847 1302 differuntur,
883 1232 955 1307 quia
984 1251 1040 1292 nec
1064 1233 1161 1292 iterari
1188 1245 1324 1308 possunt.

147 1336 289 1396 Sollemne
321 1346 414 1396 aretem
446 1341 572 1397 lacesse
595 1341 652 1414 ipse
673 1339 822 1416 elisame
844 1338 887 1396 die
909 1338 1064 1397 sollemnem
1088 1340 1137 1397 illo
1159 1359 1211 1398 rex
1234 1341 1327 1398 Arcas

146 1445 306 1504 mnorem‘.
353 1446 432 1504 Nam
457 1446 633 1504 kalendaria
656 1445 679 1504 si
705 1464 765 1521 qua
788 1443 896 1502 suerint
919 1444 1035 1504 ratione
1059 1446 1162 1516 dilata,
1199 1460 1326 1522 possunt

147 1553 256 1628 repeti,
293 1571 350 1611 nec
374 1553 526 1629 piaculum
550 1571 653 1611 eorum
678 1551 897 1610 intermissione
920 1551 1123 1612 committitur.
1171 1553 1248 1611 Sene
1278 1557 1330 1614 lroe

146 1677 263 1716 sacmm
280 1660 421 1734 pollumm
444 1667 569 1729 uocatur,
593 1657 675 1734 quod
683 1659 788 1734 popule
811 1660 896 1716 ennt's
918 1659 1037 1732 singulti
1060 1659 1170 1720 luz'tur'.

261 1767 400 1826 Pleniora
433 1766 524 1825 Thilo
563 1785 632 1825 cum
672 1766 808 1826 breviora
847 1784 1038 1842 corrumpere
1081 1766 1260 1837 viderentur,
1296 1779 1327 1827 ut

147 1873 358 1933 additamenta
379 1874 568 1950 'segreganda
584 1893 648 1933 esse
665 1873 695 1932 in
712 1873 896 1950 praefatione
913 1873 1036 1933 monuit.
1075 1875 1183 1950 Neque
1199 1875 1323 1934 seclusis

147 1981 335 2056 plenioribus
367 1981 466 2041 verbis
501 1999 581 2056 nego
615 1981 759 2040 brevioris
790 1980 882 2040 Servii
914 1981 1006 2039 verba
1038 1982 1170 2055 paullulo
1197 1982 1323 2042 clariora

148 2106 226 2148 esse.
252 2090 394 2148 Attamen
403 2087 459 2148 etsi
469 2087 567 2146 minus
577 2087 830 2164 placethaecillis,
840 2099 919 2146 certe
928 2106 989 2146 non
1000 2106 1088 2146 sensu
1097 2099 1179 2147 caret
1191 2089 1326 2148 diffusior

147 2195 322 2270 explicatio.
356 2195 445 2269 Quae
461 2214 513 2253 cur
530 2213 566 2256 ex
590 2195 727 2256 breviore
750 2205 891 2270 corrupta
915 2213 979 2264 esse
1004 2194 1167 2254 iudicanda
1190 2196 1236 2266 sit,
1262 2216 1323 2254 non

148 2301 250 2362 video.
298 2305 427 2362 Possunt
450 2302 530 2362 enim
547 2312 688 2378 excerpta
704 2302 746 2362 eis
763 2302 891 2360 clariora
907 2320 982 2371 esse,
1007 2302 1167 2377 exquibus
1184 2316 1325 2378 excerpta

148 2420 227 2469 sunt.
269 2410 409 2470 Ceterum
426 2409 723 2469 commemoraverim
742 2409 814 2466 illud
840 2409 1029 2477 ,sollemne—
1043 2411 1182 2468 horrorem
1208 2422 1325 2486 praeter
1381 2447 1383 2452 ,

149 2517 375 2576 Floriacensem
400 2516 504 2593 (plen.)
528 2517 665 2590 codicem
689 2516 778 2576 etiam
803 2516 967 2576 editionem
984 2516 1128 2592 Stephani
1153 2536 1230 2592 quae
1254 2529 1324 2578 ante

149 2625 302 2699 pleniores
326 2623 419 2682 libros
443 2624 540 2684 editos
565 2633 668 2682 curata
691 2618 763 2702 est³)
786 2623 907 2682 habere.

259 2729 334 2788 Aliis
358 2729 432 2788 locis
456 2729 537 2788 idem
561 2729 651 2787 Thilo
684 2729 787 2788 docuit
820 2728 1094 2800 coniunctionibus
1128 2730 1323 2790 rationalibus

149 2836 326 2912 praesertim
350 2846 378 2895 et
401 2836 582 2906 causalibus,
607 2836 708 2912 inepte
733 2836 888 2894 amborum
906 2837 1075 2896 Serviorum
1092 2838 1183 2895 verba
1207 2857 1323 2897 conexa

150 2961 229 3014 esse,
267 2953 299 3002 ut
322 2961 399 3019 quae
423 2943 453 3001 in
479 2942 646 3002 Danielinis
670 2943 753 3001 libris
788 2943 865 3001 inter
887 2961 919 3002 se
954 2943 1116 3005 coniuncta
1148 2956 1225 3013 sunt,
1260 2927 1322 3003 non

150 3061 274 3125 possent
297 3050 340 3108 sic
364 3049 395 3108 in
419 3049 544 3126 antiquo
567 3051 670 3125 aliquo
693 3047 910 3110 commentario
934 3051 1095 3111 coniuncta
1118 3047 1245 3128 suisset).
1272 3052 1321 3110 Vi·

150 3158 276 3218 deamus
293 3157 382 3234 igitur
405 3158 496 3218 haec:

257 3268 284 3323 A
305 3286 331 3336 1,
359 3285 398 3324 20
424 3275 503 3324 recte
527 3265 601 3324 vidit
618 3264 708 3324 Thilo
733 3265 875 3342 coniungi
892 3265 922 3323 in
939 3266 1117 3326 Cassellano
1141 3267 1231 3342 plane
1251 3286 1320 3326 con·

149 3373 255 3432 trarias
288 3372 547 3449 interpretationes
584 3373 799 3433 coniunctione
834 3380 928 3448 ‚ergo'
962 3373 1146 3448 interposita,
1183 3383 1214 3432 ut
1245 3375 1320 3434 haec

149 3477 234 3538 illam
256 3481 455 3549 ,confirmare‘
481 3478 626 3549 videatur,
651 3480 734 3554 quod
758 3491 838 3538 certe
862 3481 925 3538 fieri
949 3499 1010 3538 non
1035 3481 1140 3556 potuit.
1189 3482 1258 3554 Qua
1282 3483 1320 3540 de

150 3603 242 3644 causa
274 3586 324 3646 ille
357 3587 478 3646 alteram
512 3587 690 3646 sententiam
727 3605 745 3645 a
777 3589 843 3646 solo
875 3587 1011 3663 pleniore
1044 3588 1147 3646 Servio
1178 3589 1319 3664 scriptam

150 3693 289 3754 lemmate
314 3693 467 3766 ‚audierat'
492 3691 598 3752 iterato
615 3695 762 3753 seclusam
785 3694 918 3770 scripsit:
944 3705 1033 3770 atque
1050 3714 1128 3765 cum,
1153 3695 1319 3771 quomodo·

152 3903 468 3915 ..ψ-

256 4026 417 4098 ’),lgnaros‘
439 4046 484 4094 pro
518 4030 643 4098 ,ignarae‘
655 4030 812 4080 scribendum
823 4040 897 4096 atque
914 4040 994 4100 ,ετξοι
1015 4027 1149 4082 delendum
1170 4047 1224 4084 esse
1248 4041 1317 4097 puto.

153 4116 269 4169 Ceterum
287 4120 406 4184 plenioris
426 4120 504 4170 Servii
533 4121 615 4169 verbis
635 4120 746 4189 ,ignaros
774 4122 875 4170 anroris‘
896 4139 977 4171 carere
1004 4140 1055 4171 uon
1083 4139 1224 4186 possumus,
1248 4124 1315 4187 quod

153 4206 177 4254 ln
201 4210 314 4259 breviore
342 4210 522 4258 commentario
550 4211 668 4258 contrarii
697 4211 790 4274 aliquid
818 4228 903 4260 eorum
928 4229 992 4277 quae
1028 4214 1179 4261 antecedunt
1208 4213 1318 4280 ‚nescios

154 4295 299 4348 futurorum·
320 4300 498 4349 desideramus.

257 4385 278 4458 ⁸)
298 4389 329 4442 cl.
350 4389 437 4448 Thilo,
460 4405 518 4454 pag.
539 4389 633 4443 XCIII.

257 4473 280 4546 ⁴)
299 4478 333 4531 cl.
354 4477 441 4550 Thilo,
463 4494 524 4546 pag.
544 4479 615 4530 VlIl.
