3170 5180
602 344 823 402 ..17-

233 525 281 584 De
310 541 431 600 pagano
455 533 553 584 autem
577 523 709 598 quodam
736 542 788 582 usu
812 542 878 582 cum
903 541 992 598 supra
1015 523 1107 583 verba
1141 522 1297 582 fecerimus

124 639 218 704 atque
259 630 419 689 viderimus
444 631 628 706 aliquantum
662 630 803 688 interesse
839 629 877 688 ad
913 639 1039 688 aetatem
1064 630 1136 700 eius,
1162 629 1214 704 qui
1238 648 1297 688 am·

124 737 252 812 pliorem
269 738 516 821 commentarium
540 737 718 813 composuit,
733 737 999 806 determinandam,
1025 749 1120 796 utrum
1138 735 1297 796 christi·

129 863 148 901 a
161 863 180 901 n
192 863 235 902 ae
259 863 308 903 an
332 863 517 921 paganae
539 844 638 904 fidei
662 845 748 904 fucrit
765 844 912 913 addictus
938 843 996 902 iam
1014 861 1142 902 errorem
1160 842 1298 902 Thilonis

129 960 160 1008 et
185 951 310 1012 aliorum
334 930 463 1010 virorum
487 951 642 1010 doctorum
668 952 817 1010 tollamus

118 1122 121 1126 ,
235 1057 325 1117 Thilo
337 1058 416 1118 enim
429 1061 631 1120 Burmannum
645 1069 762 1118 secutus
778 1059 946 1134 complures
962 1058 1047 1117 locos
1064 1057 1246 1117 enumeravit
1259 1049 1297 1140 ⁹²)

127 1163 239 1240 quibus
264 1166 436 1226 ostenderet
460 1166 624 1244 pleniorem
649 1165 781 1224 Servium
806 1163 999 1224 christianum
1023 1164 1123 1224 fuisse.
1220 1173 1223 1176 ’

239 1273 323 1332 Alter
359 1284 459 1333 autem
484 1273 611 1340 Servius
637 1273 676 1332 ab
712 1272 852 1333 omnibus
889 1271 958 1329 viris
993 1271 1091 1330 doctis
1115 1288 1299 1346 paganorum

126 1395 255 1438 numero
279 1379 457 1451 attribuitur,
482 1380 565 1439 cuius
590 1379 631 1438 rei
655 1398 752 1456 pauca
776 1389 950 1455 argumenta
974 1378 1131 1436 adscribo:
1157 1379 1183 1436 A
1204 1399 1227 1447 ι,
1244 1393 1298 1452 70:

128 1485 312 1562 ,..duplici
359 1487 439 1546 enim
481 1487 595 1546 ratione
645 1486 763 1546 divinos
815 1487 944 1546 honores
983 1503 1138 1556 meremur,
1178 1485 1300 1544 dearum

126 1592 271 1668 coniugio
308 1602 337 1652 et
372 1593 511 1652 convivio
535 1594 682 1654 deorum‘.
731 1594 758 1650 A
774 1607 802 1668 5,
820 1608 897 1668 725:
936 1592 1026 1661 ,nulla
1062 1601 1105 1650 est
1140 1591 1199 1650 vita
1234 1600 1301 1666 post

127 1694 326 1778 mortem‘.⁹³)
371 1701 409 1760 G.
432 1721 458 1771 1,
475 1717 531 1776 57:
558 1745 612 1771 ,..
638 1700 718 1777 apud
743 1700 877 1760 Sabaeos
907 1709 954 1757 tus
976 1699 1118 1766 nascitur,
1143 1717 1204 1775 quo
1227 1700 1302 1757 deos

128 1808 307 1882 placamus.‘

237 1916 340 1991 Atque
364 1924 396 1973 ut
419 1915 459 1974 ad
483 1913 648 1990 pleniorem
673 1913 807 1973 Servium
841 1923 1053 2001 transeamus,
1072 1913 1156 1973 locos
1191 1932 1215 1973 a
1233 1912 1302 1972 Thi-

127 2022 210 2091 lone,
241 2032 273 2079 ut
307 2041 397 2098 supra
431 2021 502 2090 dixi,
541 2031 728 2082 enumeratos
762 2019 996 2089 consideremus,
1021 2039 1091 2078 num
1128 2019 1201 2095 quid
1235 2019 1302 2078 iaci·

69 2117 72 2122 ’
127 2137 182 2188 ant
221 2130 260 2186 ad
295 2129 358 2187 eius
394 2128 568 2204 opinionem
605 2127 852 2187 confirmandam.
910 2129 982 2198 A4,
999 2145 1075 2186 200:
1113 2133 1155 2196 ,ut
1187 2127 1303 2184 dininas

127 2235 224 2292 cottidie
261 2237 292 2293 in
326 2236 417 2312 officio
439 2238 524 2294 esse!
569 2235 667 2308 Quam
692 2234 869 2294 sententiam
888 2233 952 2291 sia
981 2233 1143 2294 christiano
1172 2233 1302 2308 quodam

128 2342 297 2417 profectam
322 2361 386 2404 esse
405 2361 472 2401 cum
489 2340 619 2400 Thilone
643 2343 808 2414 statuimus,
835 2341 1061 2416 interpretemur
1095 2359 1218 2400 necesse
1242 2349 1302 2400 est:

131 2447 246 2522 tagtich
285 2450 334 2508 bei
358 2451 412 2509 der
435 2451 535 2508 Messe
559 2449 633 2510 sein.
682 2451 746 2519 ,Est
769 2449 848 2510 enim
873 2447 1004 2527 osticium
1030 2447 1168 2508 introitus
1193 2447 1304 2506 Missae

133 2556 182 2614 vel
206 2556 300 2616 Missa
324 2557 389 2633 ipsa
412 2555 504 2614 officii
530 2555 624 2615 divini
647 2575 714 2632 pars
738 2549 966 2633 praecipua‘94).
1011 2555 1100 2628 Quae
1123 2555 1206 2614 vocis
1230 2555 1303 2621 ,offi-

132 2662 223 2722 cium‘
260 2663 438 2738 significatio
475 2663 568 2723 tribus
610 2663 685 2722 locis
721 2664 877 2733 invenitur,
915 2662 968 2721 sed
1003 2661 1083 2721 idem
1128 2663 1303 2737 plerumque

131 2769 259 2828 vocibus
288 2770 413 2842 ,Missa',
445 2770 549 2840 ,Missa
578 2770 740 2830 sollemnis*
780 2771 906 2845 aliisque
943 2769 1135 2844 significatur.
1185 2767 1304 2838 ,Officia

135 2886 236 2936 autem
262 2875 401 2936 dicuntur
424 2877 514 2936 etiam
539 2896 624 2936 sacra
648 2895 726 2952 quae
750 2896 768 2935 a
791 2877 917 2953 paganis
948 2875 1153 2936 sacerdotibus
1176 2875 1302 2952 ageban-

131 2976 248 3064 tur.⁴⁹⁵)
297 2965 387 3045 Adde
411 2985 494 3059 quod
518 2985 595 3044 illud
619 2983 716 3060 ipsum
741 2984 781 3054 ‚in
805 2983 906 3044 officio
931 2991 1006 3042 esse‘
1033 2984 1096 3054 ,der
1120 2985 1220 3042 Messe
1243 2982 1303 3042 bei·

132 3090 273 3148 wohnen‘
291 3109 438 3166 nusquam
457 3091 572 3167 legitur,
590 3109 681 3166 saepe
696 3101 794 3150 autem
811 3091 954 3166 scripturn
978 3090 1118 3166 legimus:
1134 3085 1173 3166 ⁹⁶)
1198 3091 1238 3162 ,in
1262 3089 1303 3147 of-

131 3197 206 3256 ficio
230 3216 295 3256 esse
319 3224 361 3248 =
386 3198 468 3258 seine
491 3199 598 3256 Pflicht
621 3198 714 3257 thun‘.

238 3306 305 3380 Jam
333 3305 421 3365 velim
446 3306 528 3365 nulla
556 3305 701 3380 opinione
725 3316 916 3381 praesumpta
939 3305 1117 3364 sententiam
1152 3304 1200 3363 cui
1223 3305 1304 3363 inne·

131 3430 204 3470 xum
235 3422 280 3470 est
314 3411 387 3470 illud
416 3457 422 3482 ,
448 3412 477 3470 in
505 3412 617 3470 officio‘
652 3412 835 3472 intueamur:
872 3395 1045 3488 persuasum
1083 3413 1181 3470 habeo
1216 3411 1304 3472 nobis

131 3538 198 3576 non
221 3529 281 3577 tam
301 3519 474 3578 vertendum
512 3533 594 3577 esse:
622 3521 704 3588 ,Man
732 3537 811 3576 muss
829 3520 896 3594 Tag
919 3519 981 3576 und
998 3519 1193 3577 Nachtbeim
1211 3521 1306 3577 Feuer

130 3627 272 3696 wachen,
308 3627 362 3685 wie
394 3626 445 3684 wir
480 3644 571 3702 sagen
606 3626 717 3700 taglich
754 3626 807 3684 der
840 3628 939 3684 Messe
972 3625 1161 3684 beiwohnen‘
1198 3645 1303 3702 quam:

131 3733 201 3808 ,wie
216 3733 268 3791 wir
284 3751 386 3811 sagen,
400 3733 510 3810 taglich
523 3732 606 3792 seine
619 3733 725 3791 Pllicht
737 3734 809 3792 thun
826 3734 872 3792 vel
885 3743 956 3792 stets
970 3735 1023 3792 aus
1035 3734 1104 3792 dem
1123 3735 1203 3792 Platz
1219 3734 1303 3794 sein'.

241 4065 273 4134 ⁹²)
294 4070 372 4120 Thilo
390 4070 430 4122 ed.
450 4071 519 4120 Serv.
540 4071 560 4129 1,
583 4086 609 4134 p.
630 4070 762 4120 LXXVII.

242 4157 274 4228 ⁹³)
294 4160 327 4209 cf.
348 4160 379 4209 E.
400 4160 506 4219 Teuber,
529 4160 561 4208 de
569 4160 646 4208 Servii
657 4160 708 4209 vita
720 4169 744 4210 et
763 4158 956 4228 commentariis,
973 4139 1074 4210 iireslau
1093 4157 1168 4226 1843,
1189 4175 1247 4225 pag.
1264 4173 1304 4224 13.

241 4246 273 4312 ⁹⁴)
294 4249 327 4298 el.
353 4249 484 4312 Ducange,
500 4263 520 4298 s.
536 4265 561 4298 v.

241 4335 275 4402 π)
294 4338 328 4388 cs.
348 4339 479 4403 Ducange,
502 4354 521 4392 s.
541 4355 567 4388 v.
588 4340 646 4388 etA
665 4352 691 4404 4,
711 4349 770 4402 509.

241 4425 274 4492 θ’)
294 4427 349 4477 Cic.
365 4428 397 4477 ad
418 4427 477 4478 lam.
503 4440 541 4488 14,
561 4442 581 4492 r,
598 4437 625 4491 5;
653 4437 754 4491 15,2o;
787 4427 842 4478 Liv.
864 4429 947 4497 8,19.
978 4428 1010 4482 cl.
1031 4429 1100 4478 Serv.
1121 4429 1153 4478 ad
1174 4430 1195 4476 A
1213 4441 1242 4496 -4,
1258 4440 1305 4505 133

130 4519 230 4594 ‚officio
249 4517 357 4572 adesse‘.
376 4528 401 4568 et
420 4519 490 4569 Serv.
512 4517 545 4568 ad
565 4519 588 4568 A
607 4518 688 4588 8,273
710 4519 745 4587 ,in
764 4516 869 4569 officio‘.
