3170 5180
601 307 821 369 ...39-

233 485 292 544 Sed
316 486 376 544 iam
401 485 472 546 satis
496 488 589 546 multa
611 488 650 547 de
674 488 959 548 commentariorum
992 501 1184 567 argumento:
1217 489 1294 550 dis·

113 593 367 668 positionem
398 603 517 668 atque
548 604 732 653 naturam
765 613 895 654 eorum
926 597 1090 656 videamus.
1146 598 1295 656 Putaverit

113 701 201 758 enirn
237 700 396 775 quispiam,
429 719 497 758 cum
532 700 586 758 viri
623 701 716 770 docti,
751 711 781 759 ut
814 703 998 778 supradixi,
1033 705 1175 780 plenioris
1200 705 1295 763 Servii

114 807 239 865 scholia
271 807 416 866 additicia
448 808 600 882 appellare
632 808 762 877 soleant,
797 808 939 883 plenioris
976 809 1070 868 Servii
1105 811 1195 869 verba
1227 821 1295 886 post

114 914 262 972 breviora
293 913 408 972 scholia
441 913 540 988 posita
573 932 647 972 esse.
710 916 811 988 Atque
842 933 872 973 re
906 934 976 974 vera
1011 935 1120 991 magna
1153 936 1221 992 pars
1254 917 1294 974 ita

114 1021 234 1096 scripta
258 1033 311 1094 est,
342 1023 396 1080 sed
422 1022 534 1080 inserta
557 1030 625 1079 sunt
649 1021 739 1080 etiam
763 1024 910 1098 permulta
933 1023 1119 1082 brevioribus
1144 1033 1234 1098 atque
1259 1041 1294 1082 ea

114 1128 281 1201 eiusmodi,
306 1138 338 1186 ut
359 1127 506 1187 artissime
530 1127 607 1187 inter
629 1146 662 1186 se
685 1130 869 1188 cohaereant
893 1140 922 1189 et
946 1129 1080 1189 eiusdem
1096 1129 1213 1206 generis
1229 1148 1295 1189 esse

114 1234 289 1294 videantur.

231 1341 464 1402 Consideremus
489 1343 569 1402 enim
592 1343 648 1400 hos
671 1343 770 1402 locos:

230 1450 258 1506 A
280 1467 305 1517 1,
335 1466 410 1524 199:
437 1450 476 1518 ,Ο
500 1448 582 1525 passi
598 1447 747 1528 graviora]
773 1460 836 1508 arte
853 1469 963 1525 magna
981 1451 1079 1509 utitur.
1127 1453 1199 1512 Vult
1214 1453 1294 1511 enim

116 1575 171 1614 eos
207 1555 379 1630 meminisse
409 1555 626 1630 gravissimum,
660 1565 692 1613 ut
723 1557 893 1631 praesentia
926 1557 1043 1616 facilius
1074 1559 1208 1617 tolerent.
1257 1561 1295 1616 Et

116 1664 199 1721 bene
234 1661 371 1736 graviora
403 1661 477 1720 dicit
509 1679 575 1720 esse
608 1670 757 1721 transacta
787 1670 821 1720 111
849 1663 882 1719 de
906 1666 1053 1738 praesenti
1072 1684 1116 1723 eas
1138 1666 1295 1741 naufragio

116 1769 276 1827 camaletur
297 1775 325 1826 11
345 1779 377 1826 ut
399 1768 537 1827 ostendat
561 1769 656 1826 sutura
680 1787 745 1828 esse
761 1769 896 1829 leviora‘.
944 1771 1021 1829 Cum
1037 1781 1188 1830 transacta
1211 1789 1293 1848 prae·

117 1874 230 1943 sentia,
254 1874 423 1950 praesentia
446 1875 543 1932 sutura
567 1874 646 1932 bene
663 1885 835 1950 sequuntur,
860 1886 921 1934 tum
939 1877 1074 1935 universe
1090 1876 1164 1937 illud
1180 1877 1293 1936 dictum

120 1981 312 2057 ‚praesentia‘
338 1981 479 2057 plenioris
504 1981 598 2038 Servii
621 1981 719 2040 verbis
744 1983 793 2052 ,de
816 1983 966 2057 praesenti
989 1984 1155 2060 naufragio‘
1180 1985 1293 2060 optime

118 2089 297 2164 explicatur.
345 2089 414 2147 Non
439 2090 533 2146 multo
557 2088 643 2148 aliter
665 2107 712 2148 res
736 2107 769 2147 se
793 2090 884 2148 habet
908 2095 935 2147 A
952 2110 981 2161 4,
1010 2107 1088 2164 207:
1119 2135 1144 2161 ,.
1161 2136 1166 2149 .
1182 2092 1293 2150 Officia

118 2196 202 2254 enim
229 2195 259 2253 in
284 2196 367 2266 deos,
393 2196 463 2256 licet
485 2207 636 2256 aeternam
660 2197 793 2254 habeant
815 2197 941 2272 gratiam
965 2205 992 2254 et
1003 2205 1120 2273 spectent
1131 2206 1191 2256 tam
1208 2207 1293 2274 prae·

119 2304 235 2361 teritum
258 2322 345 2378 quam
360 2303 499 2378 ficturum
515 2313 616 2361 tamen
640 2301 671 2360 in
694 2304 842 2380 praesenti
866 2305 933 2379 plus
957 2306 1077 2364 valent‘.

231 2428 260 2484 A
281 2447 307 2498 1,
335 2445 411 2488 201:
437 2427 591 2503 Cyclopea
614 2421 695 2509 saxa]
722 2438 772 2485 aut
795 2446 872 2504 quae
887 2428 1018 2504 Cyclops
1042 2429 1073 2486 in
1089 2429 1200 2488 Ulixen
1224 2430 1294 2488 iecit

121 2543 172 2592 aut
196 2545 279 2594 certe
296 2534 429 2594 Siciliam
444 2534 518 2593 dicit
533 2554 606 2609 quae
622 2535 758 2610 plurimrs
780 2535 843 2593 lacis
865 2554 971 2594 saxosa
987 2539 1190 2612 promunturia
1213 2538 1298 2595 habet

119 2640 150 2697 in
184 2620 256 2716 qua
279 2642 429 2718 Cyclopes
463 2642 689 2709 habitaverunt,
722 2652 753 2700 ut
788 2642 853 2718 ipse
886 2653 1036 2712 ‚centum
1053 2648 1070 2701 .‘
1132 2645 1293 2702 Possumus

122 2755 227 2808 tamen
251 2759 280 2808 et
303 2751 434 2808 Aetnam
457 2749 596 2824 accipere
630 2769 704 2824 qaae
719 2752 844 2825 propria
872 2750 1017 2826 Cyclopum
1031 2751 1115 2826 fait‘.

230 2873 276 2931 Ne
300 2871 330 2930 in
355 2875 442 2932 rebus
466 2872 607 2933 dilucidis
631 2874 739 2932 multus
764 2873 830 2946 sim,
856 2892 908 2933 eos
933 2875 1014 2932 solos
1037 2875 1122 2932 locos
1138 2892 1156 2932 e
1172 2875 1291 2949 quibus,

121 2980 206 3054 quod
230 2980 341 3039 docere
364 2981 437 3038 mihi
460 2981 646 3057 propositum
672 2991 725 3052 est,
752 2981 851 3039 statim
869 2991 994 3057 apparet
1012 2983 1104 3039 allero
1120 2982 1202 3040 nulla
1218 3000 1293 3040 voce

121 3087 277 3162 apposita:
322 3089 350 3144 A
371 3108 396 3157 1,
436 3103 516 3159 204:
552 3087 657 3157 ‚Sedes
690 3085 816 3165 quietas]
852 3106 914 3145 non
946 3098 1033 3145 vacat
1067 3088 1150 3162 quod
1184 3088 1294 3145 adiecit

122 3193 272 3267 ,quietas‘.
320 3193 435 3252 Habuit
458 3194 538 3252 enim
562 3194 649 3252 sedes
674 3202 703 3252 et
726 3193 757 3251 in
781 3193 911 3252 Thracia
934 3195 985 3251 sed
1004 3200 1181 3268 portentosas
1210 3204 1239 3251 et
1262 3194 1293 3250 in

122 3299 222 3371 Creta,
247 3301 300 3358 sed
316 3301 473 3377 pestilentes
495 3308 523 3358 et
542 3302 602 3359 idea
624 3319 687 3358 non
711 3300 848 3376 quietas‘.
1262 3369 1268 3382 Ι

230 3409 257 3464 Α
279 3427 305 3477 1,
331 3423 412 3483 475:
440 3405 566 3486 ,Infelixl
593 3408 678 3465 multi
701 3408 760 3465 hoc
783 3407 853 3464 loco
869 3407 1054 3482 distinguunt
1076 3414 1104 3464 11
1122 3407 1297 3479 subiungant
1327 3460 1332 3468 .

122 3521 205 3587 ,puer
219 3522 303 3589 atque
318 3516 416 3590 impar
430 3532 589 3588 congressas
604 3515 720 3572 Achille
744 3522 777 3572 111
796 3534 832 3572 ex
854 3533 884 3572 ea
906 3515 1042 3589 imparem
1065 3513 1197 3581 1111111111,
1221 3515 1299 3587 quod

116 3627 206 3693 puer,·
228 3621 279 3678 scd
297 3631 398 3679 tamen
423 3620 513 3679 etiam
537 3621 562 3678 si
585 3620 690 3694 iungas
717 3626 819 3696 ,puer‘‚
853 3637 929 3678 unus
953 3630 997 3677 est
1013 3611 1180 3698 sensus‘34).

231 3730 258 3785 A
278 3746 304 3797 1,
324 3743 403 3803 570:
428 3729 517 3803 ,Eryx
529 3727 657 3786 Veneris
674 3738 702 3786 et
719 3729 811 3786 Butae
827 3728 873 3785 vel
884 3734 918 3784 ut
929 3726 1046 3802 quidam
1061 3725 1160 3782 volunt
1168 3723 1298 3798 Neptuni

124 3833 201 3892 filius
218 3834 284 3903 fuit,
309 3834 360 3910 qui
377 3842 547 3910 praepotens
564 3835 673 3892 vz'rt'bus
687 3835 813 3891 advenas
826 3835 958 3892 caestibus
973 3832 1149 3908 provocabat
1161 3832 1296 3906 ut'ctosque

117 3941 281 4013 perimebat.
328 3942 388 3998 Hic
409 3941 526 4000 occisus
549 3943 588 4000 ab
613 3941 744 4000 Hercule
769 3941 863 3999 monti
888 3959 924 3998 ex
947 3941 1098 4014 sepultura
1114 3955 1166 3994 sua
1177 3937 1293 3995 ‘nomen

124 4045 285 4123 imposuit'.
333 4051 360 4106 A
380 4068 407 4119 2,
434 4063 491 4124 37:
519 4047 737 4122 ,Subiectisque
753 4066 837 4105 urere
854 4043 991 4122 flammis]
1020 4049 1099 4119 ,que‘
1126 4043 1294 4118 copulativa

125 4154 298 4214 coniunctio
323 4165 376 4222 est,
404 4161 474 4226 ,aut‘
499 4155 687 4216 disiunctiva.
737 4154 900 4228 Quomodo
924 4169 996 4225 ergo
1020 4152 1073 4208 has
1097 4148 1200 4218 iunxit,
1235 4168 1294 4208 111111

231 4467 263 4544 ⁸⁴)
283 4470 316 4522 cl.
337 4470 400 4520 infra
417 4486 478 4536 pag.
499 4479 532 4532 47
553 4469 586 4517 ad
605 4477 630 4536 5,
652 4481 714 4532 404.
