3170 5180
625 299 881 389 ..31..v

260 513 426 583 ‚Postremo
451 509 589 568 breviora
612 509 727 568 scholia
751 520 781 568 ut
805 510 989 586 plenioribus
1006 511 1216 585 adaptarentur
1239 511 1318 568 haud

134 617 255 694 paucis
279 617 353 676 locis
377 617 541 676 admodum
565 615 712 676 violenter
735 628 848 676 mutata
871 610 993 699 sunt⁸)‘:

258 725 348 783 Velut
358 727 385 782 A
399 725 492 798 1,248
504 743 510 784 :
522 727 685 799 ,Armaque
693 720 898 802 fixit*Tr0ia*}
909 743 964 781 non
974 725 1128 782 neccssaria
1138 726 1225 798 quasi
1234 743 1319 782 consr-

134 832 345 907 cr¹avit,figere
353 834 426 889 enim
437 850 593 890 coruecrare
599 832 645 889 hic
650 832 776 890 debemus
785 834 911 908 accipere,
923 838 956 888 ut
963 831 1229 906 ,postibusadversis
1234 832 1319 907 figa‘

135 939 185 998 Et
199 939 416 1014 lrocstgm'ficat,
429 932 506 997 *hoc
521 932 591 1007 est*,
606 957 726 996 securus
740 949 784 996 est
808 938 880 1013 quia
903 939 1001 996 solent
1024 938 1106 995 missi
1130 937 1235 997 militia
1258 939 1319 998 sive

135 1046 318 1123 gladiatura
364 1043 547 1121 quibuslibet
582 1045 701 1120 templis
748 1063 830 1103 arma
877 1044 1070 1120 suspendere,
1107 1055 1139 1102 ut
1175 1047 1319 1105 Horatius

138 1152 306 1224 ,Veianius
342 1151 432 1210 armis
464 1151 603 1210 Herculis
636 1151 675 1209 ad
704 1161 820 1227 postem
855 1151 920 1209 fixis
953 1161 982 1210 et
1014 1150 1128 1210 Danais
1166 1152 1205 1210 de
1233 1164 1319 1227 poste

137 1261 294 1318 refixum‘.

257 1367 348 1425 Thilo
383 1377 423 1437 ‚et
455 1367 514 1424 hoc
547 1364 705 1442 significat‘
736 1366 855 1439 delevit,
890 1376 922 1424 ut
951 1365 1094 1424 brevioris
1119 1365 1213 1424 Servii
1245 1366 1318 1425 illud

137 1491 270 1551 prorsus
301 1473 398 1532 simile
431 1474 500 1544 ,hoc
530 1479 584 1532 est‘
619 1491 681 1532 non
713 1491 927 1549 supervacuum
951 1485 1038 1542 esset,
1075 1491 1257 1548 quamquam
1289 1484 1320 1531 ut

138 1581 219 1640 illud
246 1580 468 1656 interpolatoris
495 1580 535 1638 ita
560 1580 618 1638 hoc
634 1579 809 1639 breviatoris
833 1597 898 1638 esse
921 1588 1029 1655 potest.
1077 1580 1216 1654 Sequitur
1239 1581 1319 1639 enim

138 1689 246 1763 legem
282 1707 373 1763 quam
408 1687 465 1746 sibi
500 1683 684 1764 scripserat⁹)
719 1706 786 1745 cnm
826 1685 928 1745 mallet
958 1686 988 1744 in
1016 1685 1051 1744 iis
1075 1686 1149 1744 locis
1177 1688 1319 1762 plenioris

139 1795 359 1854 commentarii
382 1805 555 1853 contextum
579 1795 694 1852 solvere
715 1813 804 1869 quam
822 1792 1028 1851 auctoritatem
1045 1790 1213 1852 breviorum
1230 1795 1317 1854 libro·

139 1921 209 1960 rum
236 1920 387 1978 spernere.
435 1902 543 1978 Neque
566 1901 651 1960 aliter
674 1920 719 1960 res
744 1900 849 1959 ceteris
873 1900 948 1958 locis
972 1901 1126 1968 sehabet,
1152 1919 1219 1959 cum
1244 1902 1320 1960 inter

140 2009 245 2067 varias
269 2009 395 2067 duarum
419 2008 628 2068 recensionum
653 2006 797 2066 lectiones
821 2017 853 2066 ut
868 2007 944 2065 haec
960 2006 1001 2065 ita
1018 2007 1068 2066 illa
1086 2007 1200 2084 integra
1216 2009 1319 2067 haberi

140 2115 253 2192 possit,
285 2115 343 2173 nisi
366 2115 453 2174 certis
477 2115 516 2174 de
540 2115 637 2173 causis
662 2115 756 2174 altera
780 2114 975 2190 praeferenda
1007 2126 1068 2174 est:
1105 2116 1188 2173 nulla
1220 2128 1318 2174 autem

140 2234 230 2282 certa
266 2233 440 2298 argumenta
471 2222 568 2281 attulit
597 2221 697 2291 Thilo,
734 2239 793 2298 qno
824 2222 941 2281 accedit
972 2222 1055 2296 quod
1084 2235 1113 2281 et
1144 2224 1261 2298 plenior
1291 2237 1320 2282 et

140 2330 269 2389 brevior
292 2329 523 2388 commentarius
547 2339 659 2388 mutata
681 2329 778 2387 forma
808 2339 939 2387 servatus
967 2322 1064 2406 est¹⁰),
1089 2340 1120 2387 ut
1147 2347 1193 2388 res
1224 2331 1320 2406 magis

141 2437 264 2496 lubrica
287 2436 334 2495 sit.

256 2551 364 2624 Itaque
397 2548 487 2608 etiam
518 2567 555 2607 ea
579 2549 673 2607 dubia
696 2557 764 2607 sunt
787 2566 865 2624 qnae
889 2547 979 2606 Thilo
1004 2548 1042 2606 ad
1066 2549 1093 2605 A
1111 2568 1140 2620 4,
1176 2563 1235 2624 ²¹5
1262 2547 1319 2605 dis·

141 2657 266 2731 putavit
290 2674 473 2731 quamquam
498 2673 560 2716 rem
585 2655 626 2714 ita
650 2655 791 2732 explicari
815 2673 905 2731 posse
929 2673 1038 2730 negare
1062 2656 1143 2714 nolo.

255 2765 367 2822 Extant
390 2762 469 2821 enim
494 2781 530 2821 eo
555 2763 623 2821 loco
647 2774 705 2821 tres
736 2762 895 2823 lectiones:
930 2763 1047 2838 plenior
1079 2763 1175 2822 codex
1209 2763 1319 2822 Floria·

141 2871 244 2929 censis
281 2869 497 2946 amplissimum
528 2880 731 2928 commentum
764 2871 907 2945 praebet,
954 2870 1028 2928 alter
1066 2871 1183 2946 plenior
1222 2871 1319 2928 codex

141 2977 335 3036 Turonensis
359 2977 467 3036 eadem
491 2977 577 3035 initio
600 2978 765 3053 paullulum
789 2987 901 3035 mutata
923 2976 1044 3034 exhibet
1060 2986 1177 3052 praeter
1194 2977 1318 3053 Vergilii

144 3103 267 3142 versum
293 3083 433 3159 aliquem,
458 3084 555 3141 solum
579 3084 658 3141 hunc
681 3102 796 3142 versum
821 3083 938 3159 scripsit
960 3082 1079 3141 brevior
1102 3085 1229 3142 Servius.

257 3207 342 3281 Quas
373 3207 469 3266 varias
503 3208 642 3268 codicum
674 3207 819 3266 lectiones
844 3207 998 3265 ita-Thilo
1021 3207 1166 3283 explicat:
1201 3209 1319 3267 brevior

143 3315 266 3374 Servius
290 3314 417 3374 similem
442 3316 594 3390 quendam
618 3333 735 3373 versum
759 3313 832 3372 noni
855 3315 922 3373 libri
946 3315 1078 3374 laudavit
1102 3325 1191 3390 atque
1216 3328 1320 3374 auctor

143 3421 346 3481 Floriacensis
369 3421 446 3492 libri,
470 3433 502 3480 ut
525 3422 552 3481 ei
576 3421 673 3481 versui
697 3422 852 3497 adaptaret
877 3439 955 3496 quae
979 3422 1009 3480 in
1026 3422 1132 3480 codice
1149 3424 1317 3482 'l‘uronensi

144 3528 228 3605 legit,
254 3529 329 3588 haec
353 3528 444 3587 verba
466 3528 600 3588 mutavit.

256 3637 296 3694 At
319 3633 507 3694 Turonensia
529 3635 645 3694 scholia
668 3636 769 3713 paullo
793 3633 932 3694 inferiore
944 3643 1078 3711 tempore
1102 3655 1190 3711 quam
1210 3637 1319 3696 Floria-

145 3743 250 3801 censia
273 3741 386 3818 scripta
409 3760 475 3802 esse
498 3738 686 3822 videntrrr¹¹).

255 3850 355 3924 Atque
378 3849 486 3908 eodem
511 3849 573 3909 iure
596 3852 776 3910 contrarium
800 3851 906 3911 dixerit
930 3851 1048 3926 aliquis,
1072 3851 1237 3910 breviorem
1255 3851 1318 3909 Ser-

255 4181 277 4254 ⁸)
297 4184 329 4243 cs,
348 4185 433 4245 Thilo,
456 4203 515 4250 pag.
537 4186 571 4236 X.

255 4287 276 4360 ⁹)
295 4292 329 4342 cf.
350 4293 435 4351 Thilo,
458 4309 517 4358 pag.
538 4295 572 4344 X.

257 4396 290 4466 ¹⁰)
308 4401 341 4450 cf.
362 4400 448 4459 Thilo,
470 4417 529 4466 pag.
550 4402 642 4478 xlvi,
663 4402 732 4452 LIX.

257 4504 288 4576 ¹¹)
305 4508 337 4564 ci,
356 4508 443 4577 Thilo,
467 4525 527 4574 pag.
549 4510 607 4559 LIX
625 4518 650 4559 et
669 4510 748 4563 LXII.
