3170 5180
608 322 738 378 ...19
787 288 837 344 ..Ἴ

236 497 463 573 Neoplatonicis
489 508 587 557 autem
613 493 732 556 Plotino
757 508 847 574 atque
871 500 1036 576 Porphyrio
1072 517 1108 558 ea
1143 498 1202 557 iam
1238 517 1299 558 non

126 606 282 680 probatur.

237 713 343 786 Neque
360 712 504 788 Epicurus
517 711 656 787 obiurgat
670 711 768 773 minus
789 728 841 770 eos
854 712 905 788 qui
930 723 1056 773 mortem
1082 711 1301 789 concupiscunt

127 839 222 895 quam
246 819 297 894 qui
320 819 440 878 timent:
467 819 681 896 Epicureorum
706 829 805 878 autem
829 821 916 878 horto
941 839 959 879 a
982 821 1116 896 pluribus
1149 837 1299 878 commen·

127 927 273 986 tatoribus
297 926 447 1002 Vergilius
471 925 627 984 attributus
652 937 704 984 est.
715 919 766 1004 103)

236 1035 342 1108 ltaque
365 1033 511 1092 evincitur
533 1051 585 1092 eos
610 1033 661 1109 qui
684 1045 798 1094 veteres
815 1033 889 1093 deos
913 1035 1047 1110 deasque
1071 1035 1236 1102 coluerunt,
1262 1033 1301 1092 de

127 1151 225 1199 morte
246 1141 415 1199 voluntaria
438 1139 554 1200 diverse
577 1139 735 1199 iudicasse.

237 1247 297 1307 Sed
321 1247 413 1323 ipsius
436 1246 562 1322 Vergilii
587 1256 677 1322 atque
700 1247 843 1306 brevioris
860 1247 953 1307 Servii
976 1248 1069 1306 libros
1105 1247 1300 1324 inspiciamus

126 1373 201 1413 num
224 1354 298 1431 quid
321 1355 360 1413 de
384 1355 492 1413 eadem
504 1372 536 1412 re
553 1354 735 1430 reperiatur:
752 1353 901 1430 Vergilius
927 1353 963 1426 (A
978 1353 1087 1433 4,642)
1111 1355 1150 1414 de
1175 1354 1300 1430 ,coeptis

126 1463 321 1522 immanibus‘
345 1462 428 1533 dicit,
459 1461 510 1520 ubi
533 1480 639 1520 manus
663 1461 744 1520 Dido
768 1461 825 1520 sibi
850 1463 976 1520 allatura
1000 1473 1053 1520 est.
1102 1462 1195 1536 Quod
1219 1461 1299 1519 idem

126 1569 180 1648 (ib.
197 1569 270 1648 694)
295 1569 460 1641 ,difficilem
496 1568 622 1626 obitum‘
658 1569 794 1626 nominat
828 1580 919 1644 atque
954 1568 1136 1647 (A12‚603)
1162 1567 1301 1640 ,informe

125 1678 242 1735 letum‘.
266 1679 294 1735 A
310 1696 339 1748 4,
356 1678 417 1752 696
443 1694 509 1750 sqq.
536 1685 634 1734 autem
659 1677 735 1734 haec
759 1675 849 1735 dicit:

236 1785 334 1854 ,Nam,
360 1783 431 1858 quia
454 1801 510 1841 nec
534 1783 607 1852 fato,
632 1782 736 1841 merita
752 1800 809 1841 nec
832 1792 927 1840 morte
950 1781 1077 1858 peribat,

238 1891 298 1950 Sed
322 1889 429 1950 misera
453 1900 522 1948 ante
552 1889 643 1960 diem,
668 1889 828 1966 subitoque
851 1890 983 1948 adcensa
1007 1889 1114 1963 furore,

234 1998 398 2056 Nondum
423 1997 465 2054 illi
489 1997 598 2056 flavum
622 1997 802 2073 Proserpina
839 1996 948 2056 vertice
971 1996 1083 2054 crinem

236 2105 416 2174 Abstulerat,
453 2103 616 2180 Stygioque
640 2114 732 2180 caput
767 2104 970 2163 dammaverat
994 2103 1096 2162 Orco‘.

236 2211 380 2272 Conleras
420 2211 509 2270 etiam
543 2221 702 2287 sequentes
735 2229 846 2270 versus.
900 2211 1007 2286 Neque
1042 2186 1111 2281 A'6,
1127 2229 1190 2284 434
1227 2229 1294 2286 sqq.

124 2339 250 2378 causam
267 2319 370 2378 mortis
389 2317 574 2377 voluntariae
590 2328 680 2394 poeta
692 2319 762 2393 agit.
777 2313 828 2396 ¹⁰⁴)
852 2319 979 2377 Miseros
996 2317 1084 2393 igitur
1098 2329 1188 2392 atque
1202 2317 1299 2376 tristes

124 2446 181 2486 eos
206 2427 256 2502 qui
279 2427 332 2485 tali
345 2438 440 2484 morte
464 2444 480 2485 e
504 2425 564 2483 vita
587 2435 784 2495 excesserunt,
809 2425 958 2501 Vergilius
983 2425 1146 2500 depingere
1169 2425 1254 2483 solet.

244 2534 363 2592 Deinde
397 2533 541 2592 brevioris
576 2532 670 2591 Servii
705 2532 778 2590 illud
813 2531 910 2607 ,quasi
934 2531 1020 2608 turpi‘
1057 2550 1125 2589 curn
1159 2531 1300 2607 plenioris

128 2641 277 2717 ‚impium‘
301 2640 479 2699 conseratis:
505 2639 622 2715 scripsit
645 2639 725 2699 enim
749 2639 868 2698 brevior
890 2639 940 2697 ille
964 2639 1081 2697 Servius
1106 2637 1142 2714 (A
1157 2659 1187 2712 4,
1207 2641 1298 2718 698);

128 2748 266 2819 ,Flavum
292 2745 414 2826 crinem]
434 2747 578 2805 matronis
594 2765 758 2822 numquam
774 2746 852 2805 flava
864 2764 951 2805 coma
967 2746 1105 2815 dabatur,
1122 2747 1176 2805 sed
1200 2746 1298 2821 nigra:

126 2856 211 2914 unde
254 2854 402 2913 luvenalis
436 2864 474 2924 ‚et
510 2853 596 2929 nigro
635 2853 744 2911 flavum
782 2843 894 2912 crinem
934 2853 1140 2912 abscondente
1176 2855 1298 2928 galero‘.

128 2962 212 3021 Huic
248 2979 319 3037 ergo
352 2962 404 3020 dat
440 2960 526 3036 quasi
573 2960 672 3036 turpi‘.
728 2963 883 3020 Postremo
918 2960 1061 3019 brevioris
1095 2959 1302 3018 commentarii

125 3081 244 3146 partem
266 3069 408 3127 adscribo
432 3079 584 3143 quaeest:
611 3069 699 3138 ,Sane
724 3067 879 3127 sciendum
894 3061 946 3146 ¹⁰⁵)
970 3067 1041 3143 quia
1064 3079 1184 3126 cautum
1208 3068 1302 3126 suerat

124 3177 159 3234 in
186 3177 408 3252 pontificalibus
424 3175 516 3245 libris,
535 3185 566 3232 ut
590 3175 640 3250 qui
656 3175 766 3251 laqueo
790 3174 880 3233 vitam
904 3174 1025 3242 linisset,
1052 3175 1215 3250 insepultus
1239 3174 1300 3233 abi·

125 3295 262 3342 ceretur:
298 3283 379 3341 unde
410 3283 487 3341 bene
505 3283 545 3341 ait
570 3281 714 3352 ,informis
740 3282 800 3342 leti‘
825 3282 911 3358 quasi
927 3283 1030 3341 mortis
1047 3281 1299 3342 infamissimae..
1402 3283 1403 3286 ’

127 3437 159 3450 ..
190 3389 305 3446 Cassius
339 3397 432 3447 autem
455 3390 582 3447 Hemina
616 3391 668 3458 ait,
683 3436 710 3448 ..
748 3397 813 3448 tunc
842 3392 971 3466 primum
1001 3397 1081 3465 turpe
1115 3390 1241 3446 habitum
1263 3397 1304 3447 cst

125 3503 244 3554 nrorlcm
267 3498 322 3554 sibi
342 3499 518 3555 consciscere!
551 3543 604 3557 ...

238 3605 317 3678 Ergo
349 3623 416 3662 cum
441 3621 539 3679 neque
563 3622 668 3662 omnes
697 3604 944 3680 philosophorum
968 3605 1091 3662 scholae
1114 3623 1213 3680 neque
1229 3605 1301 3662 Ver-

124 3711 217 3786 gilius
252 3729 351 3785 neque
387 3711 516 3769 brevior
543 3712 661 3770 Servius
696 3721 821 3769 mortem
862 3711 1060 3770 voluntariam
1099 3712 1299 3788 probaverint,

128 3817 257 3876 omnino
282 3837 343 3876 non
369 3837 445 3894 opus
479 3830 522 3877 est
558 3819 640 3895 quod
676 3819 746 3877 fecit
780 3819 880 3890 Thilo,
917 3819 1025 3877 referre
1061 3818 1133 3877 illud
1157 3818 1300 3895 plenioris

124 3925 168 3985 ad
193 3925 384 3984 christianum
408 3926 593 4002 scriptorem.

236 4247 269 4279 rur
302 4227 334 4280 cl.
356 4227 390 4276 G.
457 4241 488 4276 21
512 4265 518 4277 .

237 4228 283 4384 rod
301 4315 333 4366 cl.
351 4240 476 4386 Staudbn,
493 4239 648 4366 9Geschichte
667 4316 711 4366 der
729 4315 827 4366 Leliren
847 4317 897 4366 und
917 4313 1111 4381 Vorstellungen
1131 4332 1189 4366 vom
1208 4315 1301 4367 Selbst·

124 4407 210 4466 mord,
232 4406 348 4470 Gotting.
375 4407 450 4466 1824.

236 4498 281 4561 ma)
301 4495 333 4547 cs.
354 4513 426 4560 supra
446 4513 506 4561 pag.
529 4507 542 4559 7
562 4511 602 4566 sq.
