3170 5180
650 311 870 377 -n-

164 493 246 554 locis
280 495 311 554 id
336 505 416 556 recte
449 498 558 555 factum
589 515 655 556 esse
687 496 835 569 concedo,
869 497 1043 574 praesertim
1076 517 1154 569 cum,
1187 505 1219 558 ut
1253 517 1344 574 saepe

165 603 243 671 dixi,
274 605 348 663 tales
372 605 495 662 voculas
519 603 608 664 facile
633 624 651 663 a
674 604 802 662 librariis
835 605 1015 664 adderentur
1038 606 1084 664 vel
1108 606 1341 664 immutarentur.

167 711 233 768 Sed
252 709 390 768 Thilonis
414 710 454 768 ad
470 711 497 766 A
517 726 544 785 5,
574 730 634 782 144
653 711 843 770 coniecturae
860 711 932 770 mihi
949 731 1011 770 non
1028 712 1208 787 probantur:
1234 712 1350 770 delevit

165 817 251 875 enim
288 821 380 886 ,sane⁴
414 825 503 890 atquc
536 816 646 875 lemma
680 817 804 893 ,biiugo‘
831 819 936 876 iterum
970 819 1097 894 scripsit,
1130 819 1213 894 quod
1237 838 1342 894 parum

164 924 375 982 consentirent
399 923 526 982 duorum
549 924 812 998 grammaticorum
836 926 960 996 scholia,
986 945 1053 984 curn
1078 927 1152 985 alter
1175 927 1213 984 de
1236 927 1341 994 forma,

163 1031 244 1090 alter
267 1031 305 1089 de
329 1031 394 1107 ipsa
418 1049 448 1088 re
472 1049 569 1105 pauca
592 1030 714 1089 diceret.
762 1031 855 1104 Quod
888 1032 943 1090 etsi
974 1032 1016 1090 ita
1048 1051 1079 1092 se
1107 1033 1208 1102 habet,
1242 1043 1342 1091 tamen

163 1157 233 1197 nou
257 1149 301 1196 est
325 1156 378 1196 cur
401 1137 616 1196 coniunctione
641 1142 733 1205 ,sane‘
758 1138 831 1197 illud
848 1139 965 1197 conecti
983 1157 1072 1215 posse
1096 1159 1249 1215 negemus,
1274 1159 1342 1198 cum

164 1245 236 1320 ipse
259 1243 349 1303 Thilo
374 1245 464 1320 paulo
488 1253 558 1302 ante
582 1244 673 1314 dicat,
699 1263 765 1303 earn
789 1245 828 1303 ab
852 1246 1000 1304 ambobus
1018 1246 1127 1304 Serviis
1144 1245 1195 1322 (cf.
1209 1249 1275 1316 Aa,
1288 1246 1342 1323 39)

164 1353 212 1412 ad
235 1351 366 1410 diversas
391 1370 437 1409 res
461 1351 669 1426 adiungendas
693 1353 837 1427 usurpari.
885 1353 944 1412 Sed
963 1363 992 1410 ut
1008 1354 1099 1418 finem
1123 1354 1278 1424 faciamus
1303 1355 1342 1412 de

162 1459 285 1517 ratione
323 1468 592 1517 commentatorum
616 1457 690 1516 nihil
708 1458 853 1517 evincitur
875 1459 1160 1536 coniunctionibus3
1184 1479 1254 1518 nam
1278 1461 1342 1537 ipse

162 1565 261 1624 Thilo
284 1565 366 1634 dicit,
403 1564 570 1623 breviorem
601 1565 735 1623 Servium
770 1565 877 1625 iisdem
900 1565 943 1624 uti
967 1566 1076 1641 quibus
1100 1567 1232 1642 plenior:
1260 1568 1342 1643 quod

164 1682 271 1732 autem
306 1671 355 1729 hic
390 1671 509 1748 saepius
546 1690 596 1730 eas
632 1681 755 1747 usurpat
786 1672 848 1742 ill0,
885 1691 946 1731 non
979 1673 1130 1743 miramur,
1155 1693 1224 1732 cum
1248 1675 1341 1732 multo

161 1779 254 1856 plura
278 1779 417 1854 proferat.

275 1886 375 1959 Atque
398 1895 429 1942 ut
462 1884 501 1943 ad
535 1893 697 1942 extremum
726 1884 891 1956 veniamus,
925 1887 1071 1962 permulta
1103 1905 1181 1961 quae
1213 1887 1341 1962 pleniori

162 1991 271 2052 Servio
295 1990 367 2048 vitio
391 1999 543 2050 vertuntur
563 1991 735 2050 communia
751 2002 819 2050 sunt
836 2011 903 2051 cum
921 1993 1054 2051 omnium
1072 2003 1339 2052 commentatorum

163 2108 260 2172 atque
281 2097 552 2172 grammaticorum,
584 2107 647 2156 tum
679 2098 770 2174 ipsius
802 2099 945 2158 brevioris
969 2099 1063 2158 Servii
1092 2110 1228 2176 peccata,
1257 2101 1340 2158 cuius

161 2203 444 2280 interpretationem
476 2203 654 2279 ineptiarum
685 2205 850 2264 admodum
873 2207 993 2281 plenam
1026 2225 1092 2266 esse
1116 2218 1219 2265 notum
1243 2201 1339 2284 θείῃ).

160 2312 271 2370 Unum
301 2311 392 2370 addc.
440 2313 474 2368 In
498 2310 698 2387 explicatione
716 2314 742 2369 A
760 2332 790 2384 4,
817 2315 877 2385 672
915 2313 954 2370 ad
983 2314 1211 2373 antecedentem
1240 2315 1339 2372 lo'cum

160 2427 298 2488 revocat,
331 2436 392 2493 quo
416 2417 544 2494 amplius
568 2417 648 2476 idem
673 2428 850 2493 exposuerat
875 2453 916 2462 -
940 2437 1060 2494 prorsus
1093 2421 1274 2478 contrarium
1305 2421 1349 2478 in·

158 2524 300 2584 modurn.
349 2527 506 2584 Praeterea
529 2525 736 2584 additamenta
759 2525 789 2582 in
814 2519 965 2584 Servianis
989 2527 1212 2585 commentariis
1236 2527 1337 2586 insunt

159 2631 282 2690 inutilia
306 2642 396 2708 atque
421 2631 527 2691 futtilia
550 2650 627 2706 quae
653 2632 691 2689 ab
708 2632 790 2690 Italis
815 2642 905 2707 atque
928 2632 1057 2691 librariis
1073 2627 1266 2710 adscripraffi)
1290 2635 1337 2692 vel

160 2757 248 2813 quae
271 2739 362 2796 etiarn
386 2738 425 2797 ab
442 2738 525 2796 lricis
550 2738 630 2797 velut
654 2738 683 2795 in
700 2738 956 2798 Autissiodorensi
972 2739 1079 2799 codice
1095 2739 1198 2798 addita
1214 2735 1335 2822 suntll).

160 2847 307 2906 Ceterum
340 2847 477 2906 dubitare
508 2865 569 2904 non
603 2865 761 2921 possumus
785 2846 857 2922 quin
882 2847 973 2905 ambo
998 2847 1205 2906 commentarii
1230 2847 1337 2922 partim

159 2953 274 3012 minuti
296 2954 406 3029 partim
430 2954 517 3024 aucti,
543 2965 624 3012 certe
649 2954 841 3012 commentati
866 2955 906 3013 ad
922 2973 977 3012 nos
995 2948 1239 3030 pervenerint²⁵):
1265 2974 1336 3030 ergo

159 3060 303 3136 inprimis
327 3080 433 3136 parvas
457 3061 674 3136 discrepantias
698 3079 798 3135 neque
821 3061 950 3120 breviori
965 3079 1064 3136 neque
1080 3061 1207 3137 pleniori
1223 3061 1336 3130 Servio,

159 3166 221 3226 sed
246 3175 413 3242 temporum
438 3167 558 3226 invidiis
583 3168 747 3243 opprobrio
771 3167 873 3228 danda
897 3186 962 3226 esse
986 3167 1132 3226 videntur.

272 3275 338 3349 Jam
362 3274 502 3333 omnibus
526 3275 625 3333 causis
656 3285 746 3350 atque
779 3274 960 3350 argumentis
991 3273 1163 3332 deliberatis
1191 3274 1336 3342 videmus„

160 3379 306 3440 Thilonis
339 3391 514 3456 argumenta
545 3381 653 3439 eodem
685 3380 747 3438 iure
781 3391 885 3438 contra
916 3380 980 3438 eius
1004 3379 1178 3457 opinionem
1202 3379 1338 3438 adhiberi

159 3505 267 3565 posse.

277 3595 380 3653 Altera
404 3594 484 3653 enim
509 3594 624 3652 ratione
648 3612 749 3652 earnm
773 3612 847 3669 quas
871 3592 912 3669 (p.
935 3593 986 3672 22)
1010 3594 1086 3651 inter
1109 3594 1228 3651 Servios
1252 3593 1338 3651 inter·

160 3701 276 3762 cedere
298 3719 386 3777 posse
409 3701 538 3760 diximus
555 3701 692 3777 neglecta
709 3720 727 3758 a
743 3700 873 3758 Thilone
897 3700 1057 3776 quominus
1087 3712 1203 3758 utamur
1226 3700 1258 3757 in
1280 3700 1338 3758 hac

277 4031 309 4099 ²²)
329 4035 361 4083 cs.
383 4035 468 4090 Thilo,
491 4050 550 4098 pag.
563 4034 609 4101 xl,
629 4034 687 4091 XII,
710 4034 762 4084 vol.
777 4035 823 4101 ΙΙΙ,
845 4035 950 4099 pag.V;
974 4034 1068 4082 Thom.
1084 4051 1143 4097 pag.
1158 4047 1209 4096 239
1228 4043 1253 4084 et
1272 4048 1335 4094 242;

161 4125 284 4176 conseras
313 4139 387 4186 porro
405 4139 470 4188 quae
497 4122 574 4171 Thilo
602 4139 662 4188 pag.
683 4124 769 4172 XXIX
797 4125 829 4172 de
858 4124 971 4172 breviore
996 4133 1069 4188 atque
1098 4139 1156 4188 pag.
1178 4124 1288 4172 XXXIII
1308 4125 1339 4172 de

159 4213 280 4282 pleniore
300 4213 387 4261 Servio
406 4212 476 4260 dicit.

278 4297 309 4368 ¹⁸)
329 4301 361 4357 cl,
380 4301 474 4350 Thom.
496 4316 554 4364 pag.
578 4310 639 4361 171,
672 4300 757 4360 Thilo,
780 4317 838 4365 pag.
859 4302 916 4370 vn,
936 4301 1018 4360 XVII,
1041 4301 1092 4350 vol.
1113 4301 1132 4359 l,
1160 4314 1182 4368 ι,
1211 4316 1270 4366 pag.
1292 4300 1337 4350 lV.

278 4387 364 4455 ²⁴)'cf.
384 4389 470 4450 Thilo,
491 4405 550 4454 pag.
571 4390 652 4439 LXII.

278 4476 309 4548 ²⁶)
328 4480 361 4530 cl.
383 4480 475 4532 Thom.
495 4496 555 4544 pag.
580 4489 628 4544 159
647 4480 706 4532 adn.
727 4494 752 4530 2.
