3170 5180
879 1141 936 1201 11.

412 1269 474 1352 lle
501 1267 674 1352 rollone
702 1289 815 1371 quae
844 1268 963 1353 lnter
989 1268 1241 1352 hrevlorem
1269 1268 1405 1370 atque

325 1394 572 1499 pleniorem
609 1395 910 1478 recensionem
948 1393 1149 1477 Serviani
1182 1391 1495 1476 oommentarll

740 1520 972 1604 statuenda
1000 1520 1071 1602 alt.

431 1705 519 1780 Quae
543 1705 581 1763 de
604 1703 665 1762 vita
695 1703 837 1779 plenioris
870 1703 961 1763 Servii
994 1703 1055 1761 erui
1079 1701 1194 1778 possint
1223 1703 1356 1762 tractavi.
1407 1703 1495 1760 Nunc

322 1812 477 1872 videamus
502 1811 656 1887 quomodo
690 1811 851 1870 cohaereat
874 1810 936 1869 eius
960 1810 1191 1868 commentarius
1215 1829 1282 1868 cum
1306 1809 1495 1868 brevioribus
1562 1815 1563 1848 l

322 1919 453 1978 scholiis,
489 1920 549 1977 Aut
566 1918 644 1978 enim
669 1918 787 1994 plenior
809 1917 884 1977 liber
907 1918 975 1976 fons
998 1916 1142 1975 brevioris
1159 1917 1214 1975 luit
1230 1918 1276 1975 vel
1300 1917 1494 1992 integriorem

322 2027 473 2102 utriusque
498 2026 610 2084 fontem
635 2025 771 2097 servavit,
806 2035 856 2084 aut
879 2025 1015 2083 breviore
1039 2024 1256 2082 commentario
1281 2023 1494 2083 additamentis

322 2133 506 2209 amplificato
539 2131 656 2208 plenior
686 2132 790 2190 extitit.
844 2130 924 2190 Huic
955 2131 1039 2190 alteri
1071 2131 1265 2206 explicationi
1296 2131 1495 2208 adstipulatus

323 2240 453 2317 priorem
477 2257 597 2315 prorsus
622 2238 802 2315 improbavit
817 2238 917 2309 Thilo,
936 2257 1066 2314 quocum
1091 2239 1182 2298 hodie
1206 2238 1376 2298 consentire
1393 2237 1494 2296 viden·

322 2357 369 2405 tur
391 2346 445 2404 viri
469 2345 561 2404 docti.

429 2453 567 2512 Thilonis
590 2453 679 2528 igitur
702 2463 885 2529 argumenta,
910 2471 1026 2511 summo
1049 2453 1186 2512 acumine
1210 2463 1239 2512 et
1261 2451 1409 2511 industria
1425 2470 1494 2510 con-

323 2561 434 2637 quisita
461 2560 588 2638 primuni
613 2559 825 2618 examinemus.
865 2559 1031 2619 Audiamus
1055 2579 1133 2635 quae
1156 2560 1229 2619 dicit
1253 2559 1342 2618 Thilo
1366 2579 1438 2636 pag.
1457 2560 1492 2618 V:

431 2669 540 2742 ,Atque
568 2667 776 2742 supplementa
800 2667 921 2743 quidem
945 2669 1130 2743 vulgatorum
1148 2666 1328 2726 scholiorum
1352 2685 1493 2743 magnam

323 2786 437 2851 partem
462 2773 625 2832 admodum
650 2773 753 2832 brevia
776 2784 843 2832 sunt
866 2784 955 2850 atque
979 2783 1039 2832 tam
1064 2774 1133 2832 vilia
1157 2785 1189 2832 ut
1216 2773 1303 2832 facile
1327 2774 1370 2832 eis
1395 2792 1491 2832 carea-

324 2901 398 2953 mus,
433 2882 513 2940 velut
536 2879 609 2938 illud
635 2883 707 2951 Ar,
736 2895 768 2938 2:
796 2900 875 2950 ,nam
900 2899 970 2940 ecce
993 2881 1052 2940 hoc
1076 2882 1145 2940 loco
1169 2879 1295 2940 detraxit
1318 2879 1492 2956 provinciae

322 2988 576 3066 praepositionem
616 2985 721 3046 dicens
755 2988 881 3058 ,ltaliam
922 2987 1011 3047 venit‘
1044 2996 1101 3063 pro
1143 2989 1186 3046 ad
1221 2989 1339 3046 Italiam
1383 2987 1491 3046 renit‘:

323 3096 423 3154 Probo
453 3113 551 3169 neque
581 3094 734 3166 dissentio,
760 3095 784 3152 si
818 3094 930 3171 pergit:
955 3097 1052 3165 ,Haec
1076 3106 1104 3153 et
1128 3095 1173 3153 his
1201 3094 1311 3153 similia
1334 3106 1432 3154 utrum
1456 3092 1491 3150 ab

324 3202 390 3277 ipso
415 3201 558 3260 brevioris
589 3201 794 3260 commentarii
827 3201 971 3277 scriptore
1002 3203 1136 3278 prosecta
1161 3212 1189 3261 et
1213 3203 1258 3260 vel
1292 3201 1490 3261 breviatorum

324 3308 450 3367 libidine
480 3308 597 3366 sublata
621 3310 665 3366 vel
698 3308 883 3367 librariorum
919 3309 1109 3385 neglegentia
1144 3309 1256 3368 omissa
1284 3328 1322 3367 an
1352 3308 1491 3368 inferiore

324 3426 421 3474 aetate
454 3426 486 3473 ut
509 3415 625 3473 facilius
649 3415 723 3491 quid
744 3415 884 3474 voluisset
908 3415 957 3476 ille
981 3416 1200 3492 intellegeretur
1223 3415 1327 3476 addita
1351 3416 1420 3488 sint,
1446 3414 1490 3471 vix

324 3532 423 3599 potest
445 3521 625 3581 diiudicari‘

431 3629 522 3687 Addo
552 3630 634 3704 quod
665 3629 737 3689 ibid.
775 3630 831 3689 ait:
868 3630 977 3701 ,Etiam
1009 3632 1145 3706 exempla
1168 3650 1246 3705 qnae
1276 3632 1387 3707 vulgati
1413 3649 1489 3689 com-

325 3735 461 3795 mentarii
485 3735 653 3813 praeceptis
686 3737 716 3794 in
751 3737 935 3812 plenioribus
970 3738 1053 3796 libris
1090 3738 1228 3813 adposita
1260 3758 1325 3797 esse
1356 3739 1488 3798 videmus

324 3844 412 3902 facile
437 3854 467 3901 ut
490 3843 586 3902 omitti
609 3843 649 3901 ita
674 3844 746 3902 addi
769 3854 914 3921 poterant,
940 3856 971 3903 ut
986 3847 1013 3902 A
1034 3866 1060 3915 1,
1079 3863 1113 3919 3:
1138 3845 1249 3914 ‚Altum
1274 3855 1373 3904 tamen
1399 3845 1487 3904 scien·

326 3951 396 4009 dum
434 3961 479 4009 est
514 3951 597 4025 quod
625 3961 653 4008 et
682 3950 874 4026 superiorem,
912 3959 945 4008 ut
965 3952 1052 4009 Maia
1079 3954 1202 4025 genitum
1225 3953 1343 4010 nunnitu't
1368 3973 1404 4010 ex
1426 3951 1486 4008 alio*

325 4067 354 4115 et
378 4056 547 4115 interiorem
573 4057 758 4116 altitudinem
783 4055 951 4134 significat‘,
969 4069 1059 4133 atque
1075 4059 1188 4134 pergit:
1214 4058 1283 4127 ,Sed
1303 4058 1488 4117 inveniuntur

325 4183 398 4221 sane
421 4163 528 4238 quibus
553 4165 671 4238 vulgata
695 4163 811 4223 scholia
840 4173 900 4222 tarn
931 4175 999 4240 apte
1023 4166 1197 4242 expleantur
1220 4185 1357 4241 quaeque
1390 4174 1486 4225 tantae

326 4270 499 4332 eruditionis
522 4271 590 4340 sint,
617 4283 731 4329 utnon
765 4270 880 4347 possint
903 4271 942 4330 ad
972 4271 1174 4346 interpolandi
1203 4272 1333 4332 studium
1357 4266 1486 4332 revocari

325 4378 405 4436 velut
429 4381 454 4434 A
483 4398 508 4446 r,
536 4381 596 4453 566
621 4389 745 4454 apparet
769 4397 805 4436 ex
835 4377 870 4436 iis
901 4397 978 4453 quae
1009 4379 1039 4436 in
1074 4379 1259 4454 plenioribus
1284 4379 1366 4438 libris
1391 4383 1485 4439 extent

325 4485 445 4563 vulgata
468 4483 602 4546 derivata
626 4491 712 4546 esse!
759 4485 904 4545 Conieras
929 4485 1031 4566 igitur:
