3170 5180
772 249 972 305 ..3...

287 453 358 510 nota
389 457 433 504 est
469 444 552 519 quod
577 445 719 501 Saturnus
745 489 750 501 .
774 489 779 501 .
805 443 961 512 voraverit,
990 490 995 502 .
1025 490 1030 502 .
1056 453 1085 502 et
1120 443 1205 518 quod
1229 488 1234 500 .
1262 489 1267 500 .
1293 439 1464 500 obtulerit‘.

398 554 538 626 Quocum
557 536 693 626 congruit
712 552 909 620 ,manifestum
923 551 994 626 quia
1010 552 1117 627 (quod)
1128 551 1192 609 sim‘
1208 570 1285 626 quae
1305 550 1465 626 Cypriano

287 659 394 716 usitata
428 678 492 717 esse
518 652 667 734 Kelter³⁸)
684 657 795 717 docuit.
821 662 939 732 Agrnen
955 659 1074 716 claudat
1091 660 1115 716 A
1133 662 1162 729 8,
1178 661 1257 733 625:
1278 671 1464 732 ,opportune

286 785 357 842 ergo
397 766 466 824 feeit
489 765 640 840 Vergilius
677 765 748 838 qnia
784 772 823 824 ..⁶
850 764 930 838 Quia
969 777 1067 824 autem
1106 785 1158 840 pro
1184 765 1289 840 ,quod‘
1326 765 1463 839 positum

287 874 434 931 invenitur
457 873 538 948 apud
562 873 645 930 Lact.
671 874 724 940 lV,
744 892 790 942 12,
811 877 866 946 183
889 875 927 940 V,
948 890 994 945 17,
1010 892 1069 947 30;
1101 875 1155 942 Vl,
1173 893 1221 942 22,
1237 889 1275 946 3,
1301 882 1464 946 praeterea

287 981 368 1056 apud
384 979 609 1049 Tertullianum,
629 979 820 1054 Cyprianurn,
839 980 1039 1054 Fulgentium,
1058 980 1222 1056 Sulpicium
1257 972 1464 1056 Severum.³⁹)

393 1089 440 1146 lle
463 1106 535 1162 pro
547 1106 566 1144 n
579 1105 597 1144 o
609 1105 637 1143 m
650 1085 709 1143 ini
721 1087 793 1144 bus
810 1086 937 1146 sufficiat
953 1087 1055 1162 paucis
1072 1088 1277 1146 demonstrare
1290 1088 1464 1163 pleniorem

288 1195 423 1254 Servium
459 1213 554 1269 aeque
590 1206 680 1269 atque
704 1194 857 1270 Hyginum
896 1195 983 1253 nimis
1020 1196 1142 1271 copiose
1173 1195 1308 1270 posuisse
1333 1195 1464 1254 demon-

288 1297 471 1379 strativam)
515 1302 680 1360 Videamus
705 1301 792 1378 igitur
815 1303 903 1360 haec:
929 1303 967 1379 (A
986 1323 1011 1373 1,
1029 1303 1116 1379 270):
1143 1303 1192 1373 ,ad
1216 1323 1307 1377 quam
1331 1303 1464 1382 (Albam

287 1408 435 1486 Longam)
472 1428 540 1466 curn
573 1410 611 1466 de
646 1409 773 1467 Lavinio
808 1409 849 1468 clii
881 1412 1008 1483 Penates
1043 1411 1177 1468 translati
1210 1421 1298 1468 nocte
1321 1409 1465 1485 proxima

288 1516 446 1574 Lavinium
483 1516 639 1586 redissent,
675 1529 765 1590 atque
800 1536 852 1576 eos
888 1517 987 1576 denuo
1023 1518 1133 1576 Albam
1162 1517 1309 1576 Ascanius
1333 1528 1462 1576 transtu·

287 1624 376 1692 lisset,
402 1631 432 1682 et
466 1621 509 1680 illi
544 1623 649 1680 iterum
684 1624 831 1684 redissent
854 1624 1021 1695 Lavinium,
1051 1646 1102 1684 eos
1127 1645 1247 1684 manere
1272 1645 1377 1700 passus
1401 1636 1461 1693 est,

287 1730 364 1788 datis
381 1730 432 1805 qui
450 1728 540 1788 sacris
556 1741 727 1805 praeessent
744 1751 875 1808 agroque
892 1733 934 1790 eis
959 1733 1117 1809 adsignato
1142 1751 1202 1810 quo
1231 1753 1262 1792 se
1286 1728 1462 1809 alerent‘⁴¹)

287 1838 334 1896 vel
359 1837 448 1896 haec:
474 1835 511 1914 (A
530 1858 556 1908 2,
574 1841 662 1913 566):
691 1843 772 1909 ,Post
795 1841 873 1897 hunc
898 1859 1013 1898 versum
1037 1841 1067 1898 hi
1087 1860 1187 1900 versus
1211 1842 1329 1900 fuerunt
1352 1841 1403 1916 qui
1432 1887 1460 1899 ..

287 1944 372 2002 obliti
411 1945 487 2002 sunt'
525 1946 571 2003 vel
607 1945 646 2021 (A
665 1947 819 2024 10,567):
847 1949 1007 2018 ,Homerus
1043 1949 1116 2006 nihil
1152 1949 1224 2006 dicit
1260 1947 1341 2006 aliud
1365 1967 1459 2022 quarn

287 2063 406 2110 centum
430 2072 536 2110 manus
560 2072 628 2112 eum
651 2053 792 2112 habuisse
816 2065 844 2112 et
867 2055 977 2112 auxilio
1001 2075 1068 2114 eum
1090 2055 1157 2131 Jovi
1180 2056 1320 2114 adversus
1345 2055 1460 2130 Neptu-

286 2177 367 2227 num,
400 2161 548 2234 Junonem
583 2169 612 2217 et
638 2160 803 2220 Minervam
829 2161 929 2220 suisse'
963 2163 1010 2220 vel
1034 2157 1222 2246 (A11,80):
1250 2172 1291 2232 ,ut
1319 2182 1355 2220 ea
1378 2161 1458 2239 (scil.

287 2265 474 2343 ornamenta)
491 2277 637 2325 mortuum
663 2286 730 2326 eum
755 2269 1012 2328 condecorarent.‘

395 2373 492 2430 Etiam
531 2373 560 2431 in
607 2393 661 2432 usu
699 2375 886 2449 pronominis
930 2377 1133 2436 reflexivi
1172 2377 1288 2452 plenior
1337 2376 1460 2435 Servius

287 2479 423 2553 peccavit
458 2491 562 2538 contra
596 2500 700 2557 purum
734 2501 919 2544 sermonem:
950 2503 1136 2560 supervacuo
1161 2485 1241 2543 enim
1265 2494 1355 2558 atque
1379 2484 1459 2542 salso

287 2586 415 2660 positum
451 2597 495 2644 est
530 2589 568 2645 ab
593 2607 629 2646 eo
654 2590 819 2661 A1,720:
857 2591 928 2660 ,Sed
963 2611 1030 2650 cum
1064 2591 1207 2667 virginem
1244 2601 1382 2667 parentes
1410 2591 1459 2648 sui

288 2693 337 2752 alii
362 2691 661 2774 desporrdissent‘.⁴²)
707 2697 812 2772 Neque
836 2698 932 2756 minus
958 2700 1088 2758 alienum
1112 2709 1156 2758 est
1180 2700 1219 2757 ab
1244 2717 1298 2756 usu
1322 2699 1459 2756 florentis

286 2800 439 2860 latinitatis
464 2804 546 2876 quod
569 2805 639 2879 Ao,
659 2821 715 2879 115
743 2804 875 2880 scripsit:
895 2817 933 2875 ,et
958 2807 1064 2877 effecit,
1082 2817 1113 2864 ut
1136 2807 1263 2864 cultores
1287 2805 1332 2864 sni
1355 2804 1459 2863 viriles

287 2908 343 2966 sibi
356 2919 453 2984 partes
471 2913 677 2985 arnputarent'.
725 2912 830 2986 Neque
844 2912 923 2971 enim
948 2913 1091 2974 adhibere
1104 2913 1207 2972 debuit
1220 2913 1250 2970 in
1262 2910 1459 2970 consecutiva

287 3016 434 3074 sententia
457 3037 624 3092 pronomen
649 3018 829 3090 retlexivum,
855 3020 938 3094 quod
963 3021 1085 3095 quidem
1110 3022 1149 3079 ad
1173 3021 1305 3090 verbum,
1330 3020 1369 3078 de
1393 3031 1457 3094 quo

287 3131 349 3180 tota
383 3123 528 3182 sententia
564 3125 684 3200 pendet,
715 3125 935 3200 pertinereille
959 3129 1056 3188 vellet.
1106 3129 1176 3202 Quo
1200 3128 1321 3203 insuper
1344 3129 1457 3185 sactum

287 3239 340 3298 est,
377 3240 408 3288 ut
442 3229 522 3288 idem
565 3250 731 3306 pronomen
767 3232 812 3290 bis
844 3233 985 3308 scripturn
1009 3235 1040 3292 in
1066 3255 1123 3293 una
1147 3235 1294 3313 sententia
1317 3234 1356 3293 ad
1380 3235 1458 3293 duas

286 3355 429 3411 personas
454 3337 601 3412 respiciat.

394 3445 486 3502 Plane
524 3445 705 3503 contrarium
741 3447 865 3520 legimus
890 3452 1078 3524 A11,243:
1103 3450 1204 3520 ,..de
1240 3469 1272 3508 se
1304 3449 1378 3508 dixit
1416 3469 1456 3509 ne

287 3550 314 3608 ei
341 3543 384 3632 (id
400 3562 443 3610 est
460 3552 530 3630 sibi)
554 3554 742 3613 obiceretur‘.

394 3659 516 3718 Notabo
562 3659 673 3718 deinde
718 3661 879 3737 singularia
926 3663 1075 3738 quaedam
1107 3684 1185 3739 quae
1224 3677 1383 3724 occurrunt
1423 3666 1455 3723 in

286 3765 488 3824 adverbii
525 3785 596 3826 usu:
642 3767 772 3825 Primum
819 3769 914 3839 enim,
960 3771 984 3828 si
1024 3771 1141 3847 scripsit
1182 3773 1299 3848 plenior
1336 3775 1455 3833 Servius

393 4078 478 4149 ³⁸)cf.
501 4083 594 4141 Kelter,
617 4100 677 4148 pag.
699 4096 742 4146 32.

394 4169 426 4234 ³⁹)
447 4173 479 4225 cf,
502 4174 620 4236 Draeger,
642 4173 685 4230 tv,
701 4174 760 4224 226.

393 4257 425 4328 ⁴⁰)
445 4260 477 4309 cf.
498 4262 659 4328 Tschiassny‚
679 4279 737 4326 pag.
762 4272 791 4324 17
811 4281 848 4330 sq.

393 4347 425 4417 ⁴¹}
444 4351 567 4399 Nimirum
588 4353 621 4400 ita
640 4352 744 4415 scripsit,
767 4360 793 4401 ut
812 4371 861 4402 rem
881 4371 954 4418 quam
976 4358 1202 4408 manifestissimam
1222 4360 1345 4409 redderet.

393 4435 426 4504 4²)
446 4440 478 4488 cl.
499 4440 651 4505 Tschiassny
671 4457 696 4504 p.
721 4441 762 4489 16.
