3170 5180
787 293 1006 364 ..36-

309 495 339 545 et
361 485 591 562 pulchritudine‘
610 504 627 543 a
654 483 789 560 pleniore
807 483 910 542 Servio
926 483 1068 560 scriptum
1086 493 1130 542 est
1147 483 1222 554 ,sola
1238 483 1478 558 pulchritudine,

309 593 447 652 nimirum
466 610 504 650 ne
521 593 628 652 eadem
645 592 816 650 viderentur
832 609 908 666 quae
924 590 1029 650 addita
1040 600 1121 650 sunt:
1141 590 1221 661 ,alii.
1238 636 1243 648 .
1260 635 1266 648 .
1282 595 1310 648 .‘.
1346 592 1388 647 At
1404 599 1480 647 certe

309 700 416 758 eodem
441 699 503 758 iure
519 710 624 757 contra
640 716 708 757 eum
724 697 831 758 dixerit
859 697 967 772 aliquis
991 697 1158 756 breviorem
1176 697 1312 755 Servium
1329 716 1345 755 e
1364 697 1479 756 duabus

308 807 493 882 plenioribus
517 806 681 880 sententiis,
707 806 815 881 quibus
839 805 981 880 scriptum
1012 804 1138 881 legimus
1169 805 1219 864 hic
1250 805 1325 874 ‚sola
1355 802 1480 879 pulchri-

308 913 421 971 tudine‘
446 913 507 971 illic
531 912 619 983 ,dolis
644 921 673 971 et
696 911 927 988 pulchritudine‘
952 920 1139 969 contractum
1166 911 1254 980 ‚dolis
1278 922 1308 969 et
1320 909 1480 986 pulchritu-

309 1019 389 1078 dine‘
414 1019 487 1078 illud
511 1020 664 1078 formasse.

416 1127 522 1200 Neque
546 1126 605 1184 alia
629 1126 767 1200 exempla
791 1143 869 1199 quae
885 1125 976 1184 Thilo
1000 1144 1069 1201 pag.
1085 1126 1159 1182 XVI
1188 1124 1281 1195 affert,
1306 1124 1396 1181 firma
1419 1140 1481 1181 esse

308 1233 454 1301 videntur,
479 1233 558 1291 velut
574 1234 601 1289 Α
621 1251 651 1307 3,
677 1233 734 1306 36:
762 1230 931 1310 ,Levarentl
951 1232 1064 1290 bonum
1084 1250 1119 1290 00
1143 1233 1209 1290 leve
1225 1231 1370 1301 iacerent,
1395 1230 1429 1286 id
1447 1235 1484 1285 est

309 1339 464 1397 iubenum
490 1345 695 1398 converterent.
721 1371 763 1381 -—
798 1339 867 1397 Non
892 1337 991 1408 video,
1022 1339 1075 1397 cur
1098 1356 1311 1413 supervacuum
1340 1335 1482 1414 plenioris

309 1446 384 1525 illud
408 1446 573 1514 nominem,
598 1464 666 1503 cum
691 1457 807 1521 praeter
823 1445 968 1504 1110110110
985 1445 1078 1504 Servii
1094 1443 1234 1520 frigidam
1250 1444 1481 1520 explicationem

309 1552 427 1629 plenior
449 1551 560 1610 latinae
577 1552 696 1628 linguae
711 1569 812 1610 verum
830 1561 918 1626 atque
936 1551 1075 1610 usitatum
1092 1569 1261 1610 sermonem
1278 1549 1479 1626 adscripserit.

310 1660 416 1734 Neque
439 1658 577 1717 offendor
591 1658 697 1716 vicinis
714 1658 789 1716 10010
806 1657 915 1716 similia
931 1658 1079 1728 adnotari,
1105 1668 1136 1716 ut
1151 1660 1179 1716 A
1200 1678 1225 1728 1,
1254 1673 1315 1733 539
1340 1667 1372 1716 et
1400 1671 1479 1732 541:

309 1785 394 1842 brev:
450 1782 607 1852 ‚rhetorice
652 1782 866 1858 vituperaturus
922 1782 1008 1858 plen:
1036 1784 1084 1853 ,Et
1101 1783 1179 1841 bene
1196 1781 1295 1852 ,cient‘
1313 1792 1343 1840 et
1361 1781 1480 1853 ,101001ι

309 1907 407 1950 mores
431 1907 492 1947 non
524 1888 564 1947 ad
588 1889 741 1947 Didonem
771 1888 867 1965 loqui·
922 1899 1079 1965 permanet
1102 1889 1133 1946 in
1157 1887 1243 1948 tertia
1273 1907 1415 1965 persona,
1446 1904 1481 1944 ne
1556 1961 1557 1974 χ

309 2008 365 2069 101,
396 1995 449 2054 sed
480 1995 519 2054 ad
548 1995 664 2054 tertiam
696 2014 728 2054 se
752 1997 868 2054 confert
924 2013 976 2054 eos
1000 2014 1026 2054 e.
1052 2017 1081 2072 q.
1106 2003 1141 2055 s.‘

309 2108 492 2178 personam‘.
1210 2079 1212 2085 Α
1556 2181 1557 2186 ¹

418 2209 506 2281 Quae
530 2207 693 2267 similitudo
716 2226 778 2266 non
794 2219 856 2267 tarn
873 2226 908 2267 ex
925 2207 1063 2267 imitandi
1079 2209 1188 2280 studio,
1213 2227 1304 2284 quam
1321 2227 1359 2268 ex
1377 2209 1479 2269 eadem

309 2333 447 2374 versuum
471 2325 616 2373 structura
639 2325 704 2373 orta
727 2325 780 2373 est.

417 2421 517 2480 Etiam
541 2421 689 2480 diversam
714 2421 847 2481 eiusdem
864 2420 1030 2496 Vergiliani
1053 2421 1112 2480 loci
1137 2423 1313 2483 memoriam
1337 2424 1402 2482 duo
1420 2424 1480 2480 Ser·

309 2529 349 2586 vii
380 2538 558 2603 sequuntur:
595 2528 678 2603 quod
711 2537 791 2588 recte
822 2521 913 2588 Thilo
937 2547 1006 2604 pag.
1031 2529 1118 2587 XVII
1141 2529 1275 2588 declarat
1309 2547 1374 2588 non
1399 2528 1480 2587 unius

310 2635 477 2711 interpretis
498 2653 573 2693 esse.

418 2742 479 2800 Sed
503 2741 676 2800 addendum
702 2759 767 2800 esse
794 2752 866 2818 puto
891 2741 1108 2818 discrepantias
1142 2743 1306 2802 lectionum
1330 2754 1394 2801 tam
1419 2758 1479 2817 par-

309 2869 362 2908 vas
387 2867 461 2920 esse,
487 2859 518 2906 ut
542 2849 632 2906 ambo
657 2859 907 2907 commentatores
932 2849 1013 2908 idem
1037 2844 1239 2927 explicent⁹¹).

417 2956 505 3029 Quae
528 2965 692 3030 sequuntur
714 2956 802 3030 plane
820 2965 910 3029 atque
934 2955 1092 3034 perspIcue
1115 2976 1171 3015 nos
1195 2957 1306 3015 docent
1322 2956 1479 3013 Thilonem

311 3067 351 3121 ab
381 3063 473 3120 altera
506 3072 619 3120 tanturn
642 3062 765 3137 ¹ratione
798 3081 875 3138 quae
906 3063 983 3122 inter
1015 3064 1133 3123 Servios
1167 3062 1351 3122 intercedere
1386 3065 1480 3138 potest

311 3169 479 3245 profectum
514 3169 616 3226 omnia
651 3169 811 3245 explicare.
868 3169 949 3228 Dicit
986 3170 1065 3229 enim
1089 3189 1157 3246 pag.
1182 3171 1287 3233 XVII:
1324 3169 1479 3243 ,Coniunc-
1553 3243 1554 3248 η

312 3275 444 3333 tionibus
481 3275 589 3350 quibus
623 3275 740 3334 scholia
768 3276 996 3335 Danielinorum
1029 3277 1173 3335 librorum
1205 3276 1327 3352 propria
1356 3272 1479 3350 vulgatis
1553 3253 1554 3278 1

313 3382 433 3440 adnexa
457 3400 523 3440 esse
545 3381 691 3453 videmus,
717 3381 823 3441 iisdem
840 3383 958 3442 Servius
977 3402 1045 3441 usus
1070 3395 1114 3442 est
1138 3385 1185 3441 101
1208 3384 1247 3442 ad
1271 3381 1478 3441 memorabiles

311 3507 357 3546 res
382 3489 538 3547 addendas
562 3489 609 3547 101
634 3489 672 3548 ad
697 3489 830 3548 diversas
855 3491 1016 3548 sententias
1040 3491 1237 3566 proferendas
1261 3491 1308 3548 vel
1340 3489 1381 3547 ad
1414 3503 1477 3544 con·
1552 3491 1553 3504 ¹

310 3595 485 3653 tinuandam
510 3595 728 3671 expositionem
753 3595 814 3656 sive
839 3598 1144 3671 argumentationem:
1171 3609 1201 3656 ut
1226 3597 1360 3655 Servium
1386 3597 1476 3671 ipsum

303 3703 335 3759 »is
360 3702 410 3777 qui
433 3702 598 3778 pleniorem
623 3703 871 3761 commentarium
896 3705 1066 3779 composuit
1081 3705 1216 3762 videatur
1239 3704 1371 3762 imitatus
1395 3704 1475 3759 esse‘.

313 3809 443 3867 Moleste
467 3807 546 3866 enim
570 3809 626 3866 sert
650 3807 733 3882 quod
756 3809 875 3884 plenior
899 3810 1017 3868 Servius
1042 3811 1131 3868 nlmis
1155 3811 1194 3868 ad
1218 3828 1313 3868 novas
1341 3810 1477 3882 interpre-

312 3915 441 3972 tationes
477 3914 627 3973 Servianis
672 3914 880 3990 adiungendas
924 3922 1015 3986 ,sane⁴
1049 3917 1227 3992 particulam
1273 3911 1475 3992 frequentavit,

311 4021 366 4079 etsi
395 4039 456 4078 non
488 4031 578 4096 negat
611 4039 701 4096 saepe
733 4021 822 4080 etiam
857 4023 937 4097 apud
970 4041 1037 4080 eum
1072 4023 1146 4081 illud
1180 4029 1273 4093 ‚sane‘
1306 4041 1391 4081 suam
1422 4018 1476 4076 vim

311 4128 431 4186 habere.
480 4127 594 4189 Paucis.
610 4127 698 4203 igitur
721 4128 795 4186 locis
820 4134 912 4198 ,sane‘
931 4128 1021 4187 Thilo
1051 4128 1161 4187 delevit
1193 4141 1282 4206 atque
1302 4127 1474 4204 quibusdam

419 4387 450 4455 ²¹)
469 4390 501 4440 01.
529 4391 643 4454 exempla
666 4406 730 4454 quae
759 4390 794 4439 ibi
821 4365 900 4439 Thilo
928 4391 1107 4455 011011οΑ3,
1130 4392 1183 4455 670
1212 4387 1316 4459 ,dextra‘
1338 4406 1384 4454 pro
1412 4388 1474 4450 ‚dex-

310 4480 385 4534 tram‘
405 4480 560 4532 librariorum
580 4473 662 4532 errore
680 4481 798 4548 scripturn
817 4488 865 4538 est.
