3170 5180
622 332 841 388 ..13-

252 512 292 570 At
323 509 411 568 etiam
452 508 571 567 brevior
598 507 716 568 Servius
746 529 764 566 a
787 528 839 568 sua
863 518 959 567 aetate
983 510 1150 584 segregavit
1185 520 1314 598 veterum

143 627 290 692 tempora.
326 617 405 674 Nam
428 618 583 674 Lucanum
608 626 638 674 et
661 615 792 674 Persium
817 615 899 692 (Ab,
918 618 974 689 187
1014 626 1042 674 et
1067 613 1146 700 320)
1180 618 1316 676 nominat

83 722 87 731 “
143 723 305 799 scriptores
329 722 508 790 neotericos,
533 723 698 796 Vergilium
724 722 763 798 (A
781 744 806 792 1,
825 743 862 795 14
887 732 916 782 et
931 725 983 800 56)
1007 723 1037 780 in
1062 724 1191 798 antiquis
1215 742 1315 782 nume-

144 841 191 888 rat
219 841 309 906 atque
325 831 497 889 Terentium
521 829 565 906 (B.
582 849 611 904 3,
630 829 656 904 1)
680 829 835 904 antiquum
859 825 1049 908 appellat.⁷¹)
1073 831 1215 890 Eiusdem
1240 832 1315 889 haec

144 938 313 997 habemus:
347 937 437 1012 ,apud
465 936 593 996 maiores
629 935 969 1013 nostros‘(A1,179);
1004 947 1127 1006 ,veteres
1162 938 1314 998 dicebant‘

145 1038 185 1127 (A
202 1065 229 1114 2,
245 1045 339 1121 479);
364 1043 499 1118 ,antique
522 1043 606 1112 dixit,
632 1042 724 1119 quia.
741 1090 746 1101 .
762 1043 844 1118 apud
860 1043 987 1101 maiores
1006 1053 1124 1102 nostros
1148 1043 1313 1103 dicebatur‘

143 1152 191 1229 (B.
211 1155 321 1230 1‚32)3
358 1152 408 1222 ,ad
423 1151 578 1226 antiquum
594 1151 722 1227 pertinet
745 1151 842 1208 ritum‘
868 1151 917 1226 (G.
937 1171 963 1221 1,
979 1150 1047 1228 3r)3
1073 1151 1212 1221 ,maiores
1236 1152 1315 1211 dice·

146 1260 230 1318 bant¹
257 1259 306 1334 (G.
324 1279 350 1330 2,
366 1252 453 1342 41²)·

253 1367 372 1426 Deinde
401 1385 470 1424 usus
494 1377 538 1425 est
562 1365 679 1440 plenior
710 1365 827 1425 Servius
862 1366 1036 1442 imperfecto
1061 1377 1092 1424 ut
1126 1367 1314 1426 consuetudi·

143 1493 214 1532 nem
232 1474 362 1550 aliquam
388 1474 427 1532 ad
452 1473 603 1549 scriptoris
620 1492 715 1548 usque
732 1485 867 1548 tempora
890 1473 990 1548 vigere
1006 1484 1131 1532 notaret.
1145 1467 1182 1550 ⁷²)
1208 1473 1314 1548 Neque

145 1599 269 1638 causam
304 1580 403 1649 video,
440 1599 491 1638 cur
524 1599 590 1637 eum
606 1580 737 1639 Thilone
753 1580 925 1655 ubicunque
950 1580 1141 1638 inveniuntur
1163 1581 1240 1638 haec
1263 1580 1314 1638 im·

143 1689 277 1764 perfecta
312 1688 486 1764 scriptorem
522 1688 695 1746 adhibuisse
719 1687 884 1746 iudicemus
936 1697 966 1744 ut
1000 1686 1176 1762 praeteritos
1216 1706 1313 1746 mores

143 1805 173 1853 et
210 1795 337 1854 abolitas
373 1795 605 1854 consuetudines
639 1787 847 1870 signiticaret.¹
878 1795 1006 1854 Accedit
1030 1795 1113 1869 quod
1137 1793 1174 1871 (A
1197 1815 1222 1864 r,
1244 1796 1313 1871 ¹79)

143 1921 207 1962 non
231 1903 313 1961 solus
348 1903 465 1978 plenior
500 1903 554 1962 sed
589 1902 679 1962 etiam
715 1902 833 1966 brevi0r
868 1901 986 1961 Servius
1021 1902 1112 1961 habet
1148 1901 1312 1978 imperfecti

142 2019 271 2085 tempus.
285 2003 323 2086 ⁷³)

252 2117 343 2178 Cuius
367 2117 520 2194 opinionis
555 2117 615 2176 alia
649 2135 770 2193 quoque
804 2127 979 2193 argumenta
1014 2116 1104 2174 Thilo
1140 2115 1246 2187 attulit,
1282 2126 1314 2174 ut

143 2222 184 2300 (A
202 2245 228 2295 1,
244 2225 276 2302 4)
311 2243 366 2299 pro
398 2225 548 2300 ,ponimus
583 2235 612 2284 et
647 2225 819 2284 formamus‘
855 2218 1114 2300 Cassellanumu)
1152 2223 1260 2299 ,posita
1284 2232 1314 2281 et

143 2330 284 2393 formata‘
319 2331 463 2407 praebere
486 2340 597 2389 monet.
647 2331 717 2404 Qua
751 2331 844 2388 altera
867 2329 1038 2388 elocutione
1061 2347 1158 2404 neque
1193 2341 1314 2388 contex-

142 2448 191 2495 tus
227 2457 326 2513 neque
356 2456 459 2496 sensus
484 2437 646 2512 quicquam
670 2448 811 2497 mutatur:
847 2437 939 2495 immo
974 2455 1044 2495 vero
1079 2436 1136 2494 ubi
1155 2436 1313 2510 legerimus

145 2563 224 2619 quae
252 2545 282 2602 in
306 2563 344 2603 eo
368 2546 584 2603 commentario
618 2544 809 2612 antecedunt,
845 2545 920 2602 haec
956 2543 1066 2618 passivi
1101 2543 1197 2602 forma
1232 2543 1312 2602 haud

143 2652 244 2710 aliena
268 2671 333 2711 esse
357 2651 446 2710 nobis
469 2651 626 2711 videbitur.
674 2654 799 2728 Insuper
823 2663 922 2711 autem
946 2652 976 2709 in
993 2651 1100 2710 eadem
1118 2650 1312 2710 adnotatione

144 2759 288 2834 scriptum
313 2759 437 2835 legimus
472 2777 572 2835 ,saepe
606 2758 679 2833 poni
715 2777 769 2835 pro
805 2758 910 2816 activis
934 2758 1061 2833 passiva,
1097 2777 1152 2835 pro
1187 2757 1312 2834 passivis

145 2865 264 2925 activa.‘
289 2871 292 2880 '

252 2975 359 3048 Itaque
383 2991 460 3048 quae
485 2972 675 3030 Cassellanus
711 2973 810 3042 habet,
847 2991 908 3032 non
945 2974 1042 3032 solum
1078 2973 1166 3031 facile
1201 2973 1312 3032 intelle·

143 3091 262 3157 guntur,
292 3081 345 3140 sed
381 3079 470 3138 etiam
494 3079 573 3139 idem
598 3079 767 3156 significant
790 3081 873 3155 quod
898 3080 1041 3141 brevioris
1066 3080 1159 3140 Servii
1184 3082 1282 3139 verba.

253 3189 359 3264 Neque
384 3187 471 3245 video
496 3206 556 3261 qua
580 3187 618 3245 de
642 3206 732 3246 causa
748 3187 837 3245 Thilo
855 3187 948 3246 Servii
967 3188 1161 3246 adnotatione
1185 3190 1211 3246 A
1229 3208 1255 3257 1,
1273 3190 1310 3244 26

144 3305 321 3371 argumento
346 3294 498 3370 opinionis
523 3312 595 3354 suae
618 3313 687 3352 usus
723 3296 776 3354 sit:
801 3313 899 3371 neque
934 3295 1014 3354 enim
1038 3296 1226 3372 peregrinum
1263 3304 1313 3352 aut

144 3402 292 3461 abolitum
317 3419 485 3460 sermonem
509 3411 617 3460 tractat
647 3401 866 3477 grammaticus¹
903 3403 1013 3460 nedum
1048 3412 1184 3478 tempora
1219 3402 1312 3459 multo

143 3508 307 3585 superiora.
356 3508 452 3566 Multo
481 3519 581 3568 autem
605 3508 712 3566 rectius
735 3508 858 3568 verbum
883 3508 1006 3578 ,utendi‘
1024 3509 1063 3567 ad
1088 3511 1256 3578 Maronem,
1282 3519 1313 3566 nt

144 3687 462 3694 ..μ-..ψή-

253 3805 287 3872 ⁷¹)
307 3810 365 3858 Huc
383 3809 516 3872 pertinent¹
538 3825 601 3872 quae
620 3808 722 3858 Tacitus
733 3808 793 3858 dial.
819 3809 925 3874 1‚16,17
945 3809 1051 3858 similem
1071 3809 1096 3858 in
1119 3809 1220 3857 modum
1241 3809 1310 3856 (licit.

252 3895 283 3967 ⁹²)
303 3899 476 3962 Praeterquam
507 3898 574 3962 quod
594 3898 717 3962 quaedam
737 3897 810 3948 facile
829 3898 984 3946 librariorum
994 3914 1075 3946 errore
1094 3899 1150 3946 oriri
1170 3907 1310 3964 potuerunt,

141 3996 169 4038 ut
188 3988 248 4036 illud
269 3987 388 4051 plenioris
407 3987 485 4036 Servii
507 3988 654 4054 ‚libabatur‘
672 3987 696 4035 in
717 3988 863 4036 unocodice
882 3988 1016 4036 iuvenitur.
1037 3987 1068 4040 cl.
1087 3987 1156 4036 Thil.
1178 3988 1218 4036 ed.
1241 3987 1311 4036 Serv.

141 4079 164 4146 1,
186 4077 305 4126 LXVIII.

251 4163 284 4234 ¹⁸)
305 4167 354 4225 Ar,
369 4179 435 4228 219:
458 4167 527 4214 brev.
540 4166 581 4218 S.:
595 4173 756 4231 ,mortuorum
775 4167 876 4214 umbrae
887 4165 918 4214 ad
930 4166 1041 4229 sepulcra
1060 4167 1223 4214 vocabantur‘
1244 4167 1310 4229 plen.

142 4259 169 4310 S.
194 4257 334 4314 ‚dicebatur
368 4264 425 4318 post
453 4271 545 4302 nomen
574 4255 683 4304 defuncti
707 4255 920 4304 vocatum‘tertio
939 4256 995 4303 vale
1013 4256 1069 4303 vale
1089 4256 1166 4310 vale‘.
1186 4256 1218 4304 cs.
1240 4272 1311 4319 supra

141 4363 204 4411 pag.
226 4359 252 4394 2.

252 4430 286 4500 ⁷⁴)
305 4433 384 4482 codex
412 4432 541 4497 amplioris
570 4434 728 4486 recensionis.
757 4435 797 4483 De
820 4434 948 4484 codicibus
962 4433 1087 4484 Servianis
1106 4434 1203 4498 scrIpsit
1222 4434 1309 4502 Thilo,

141 4524 176 4574 cI.
198 4523 250 4573 Th.
270 4523 310 4579 ed.
330 4523 399 4572 Serv.
421 4523 432 4571 Ι
451 4539 510 4588 pag.
531 4523 758 4574 valrl-—val
778 4531 850 4590 atque
870 4523 1095 4573 LXXVII-XCI.
