3170 5180
770 297 992 366 *4⁶-

297 489 431 558 servavit,
457 508 516 564 qua
540 489 586 546 de¹
603 506 632 546 re
657 489 781 564 posthac
804 489 1002 548 disseremus:
1039 489 1099 548 iam
1122 490 1162 549 de
1189 488 1256 547 aliis
1280 489 1381 548 verbis
1410 489 1467 564 ple-

297 597 388 662 nioris
424 596 517 655 Servii
548 615 565 653 a
596 596 731 654 breviore
767 597 885 654 omissis
920 597 1081 672 quaeritur.
1136 597 1337 672 Respondeas
1371 595 1467 670 igitur,
1553 673 1554 682 ἵ

297 721 426 777 quaeso:
463 721 516 760 cnr
540 703 687 761 Ascanius
709 704 792 777 Julus
815 703 956 762 vocatur?
1000 708 1027 762 A
1054 703 1151 781 prima
1173 703 1286 762 barbae
1310 700 1468 777 lanugine?
1553 689 1554 700 ¹

298 811 395 868 Nemo
419 819 463 868 est
487 809 537 884 qni
561 809 592 868 id
616 809 770 884 percipere
794 810 897 885 possit,
928 829 1027 886 neque
1051 810 1175 868 dubium
1199 818 1243 867 est
1267 810 1339 884 quin
1365 826 1469 866 omnes
1553 789 1554 802 .

297 916 427 974 nominis
451 915 658 974 definitionem
682 916 868 975 desiderent:
896 935 974 992 quae
998 916 1134 976 delinitio
1166 935 1184 975 a
1206 915 1342 992 pleniore
1366 915 1469 974 Servio

298 1025 369 1082 data
392 1035 436 1081 est
460 1023 509 1098 qui
531 1023 590 1098 Juli
614 1041 724 1081 nomen
749 1034 799 1080 aut
815 1023 854 1081 ad
870 1021 1002 1099 ἰοβόλον
1019 1034 1069 1081 aut
1086 1023 1125 1081 ad
1142 1022 1249 1086 ἴουλον
1267 1022 1468 1081 revocandum

298 1150 363 1188 esse
387 1129 469 1197 dicit,
494 1130 576 1203 quod
599 1129 796 1204 veriloquium
821 1148 910 1204 quam
943 1148 1113 1205 perversum
1147 1130 1184 1187 sit
1216 1148 1289 1188 sane
1319 1129 1470 1188 neminem

298 1237 411 1295 latebit.
424 1229 464 1311 tr)

406 1362 451 1418 Ex
475 1362 501 1417 A
522 1379 548 1429 2,
571 1379 607 1434 ²3
634 1361 693 1417 hoc
719 1361 836 1420 affero:
876 1361 975 1430 „Sane
1000 1362 1089 1428 ,rnale
1121 1361 1208 1420 fidus‘
1244 1361 1352 1431 ,minus
1384 1358 1470 1417 fidus‘

299 1467 487 1542 intellegitur.
537 1467 638 1536 ,Male‘
663 1467 742 1525 enim
767 1467 964 1525 minutionem
989 1468 1080 1526 habet
1103 1486 1166 1525 non
1190 1467 1417 1544 negationem.“

407 1593 503 1650 Recte
540 1591 677 1666 quidem:
710 1592 763 1650 sed
794 1610 883 1650 nemo
915 1603 985 1650 ante
1008 1592 1082 1651 dixit
1117 1593 1214 1660 ,male⁴
1247 1590 1381 1666 negandi
1414 1589 1471 1646 vim

300 1699 420 1756 habere.
468 1698 615 1756 Videmus
644 1697 732 1773 igitur
763 1699 841 1756 hanc
869 1699 1065 1759 sententiam:
1103 1700 1193 1768 ,Male
1226 1698 1305 1757 enim
1329 1715 1355 1756 e.
1383 1717 1414 1772 q.
1440 1700 1471 1752 s.‘

299 1824 360 1863 non
396 1805 543 1880 respicere
574 1805 612 1862 ad
643 1805 787 1864 brevioris
816 1805 921 1876 Servii,
954 1807 1007 1865 sed
1042 1806 1081 1864 ad
1113 1805 1256 1881 plenioris
1280 1805 1373 1863 verba
1396 1819 1472 1878 quae
1556 1877 1557 1886 ἵ

300 1923 368 1970 sunt
391 1912 520 1971 ibidem:
557 1930 651 1980 „sane
677 1913 765 1979 ,male
788 1913 875 1970 fidus‘
899 1931 961 1970 non
986 1912 1105 1982 infidus,
1130 1913 1184 1970 sed
1208 1912 1306 1969 minus
1330 1910 1409 1969 fidus
1433 1909 1473 1964 in·
1556 1907 1557 1912 ’

300 2019 456 2093 tellegitur.
499 2019 598 2085 ,Male‘
624 2018 703 2076 enim
729 2018 923 2076 minutionem
947 2019 1046 2087 habet,
1072 2038 1133 2078 non
1157 2019 1383 2092 negationem.“

408 2144 500 2200 Porro
517 2145 542 2199 A
561 2162 587 2211 2,
607 2145 665 2216 196
684 2143 823 2217 legimus:
844 2137 986 2224 ‚Coactis]
1004 2143 1089 2200 idest
1102 2145 1238 2219 expressis
1253 2153 1284 2200 ut
1300 2141 1471 2200 Terentius:

301 2271 359 2308 una
388 2251 557 2307 mehercule
588 2249 662 2306 salsa
693 2249 848 2307 lacrimola
878 2267 969 2324 quam
1001 2251 1104 2307 oculos
1133 2249 1258 2309 terendo
1283 2249 1392 2307 misere
1427 2247 1473 2303 vix
1557 2303 1558 2322 χ

301 2359 329 2415 vi
353 2355 550 2432 expresserit‘

410 2481 480 2554 Qua
516 2479 711 2538 adnotatione
751 2479 868 2555 plenior
902 2479 1019 2538 Servius
1055 2481 1179 2539 verbum
1214 2479 1346 2551 ,coactis‘
1383 2478 1474 2536 verbo

303 2588 468 2666 ‚expressis‘
504 2587 664 2662 explicavit
698 2597 787 2661 atque
820 2598 851 2646 ut
879 2588 1097 2646 demonstraret
1123 2587 1308 2664 ,exprimere‘
1341 2586 1474 2662 usurpari

302 2698 340 2755 de
364 2695 501 2762 lacrimis,
529 2694 662 2752 Terentii
686 2712 786 2752 versus
817 2694 943 2753 addidit.
990 2695 1112 2753 Brevior
1141 2706 1239 2754 autern
1264 2695 1384 2753 Servius
1408 2713 1472 2752 cnm
1558 2755 1559 2776 ,

302 2804 368 2878 ipsa
391 2801 590 2877 explicatione
613 2801 724 2858 omissa
748 2801 880 2859 Terentii
904 2811 1018 2859 tanturn
1042 2803 1133 2860 verba
1156 2802 1354 2870 adnotaverit,
1386 2819 1473 2860 nemo
1558 2785 1559 2790 ἵ

303 2919 435 2967 nostrum
460 2907 604 2982 intellegit
628 2927 688 2982 qno
713 2909 925 2966 Terentianum
950 2907 1023 2966 illud
1048 2908 1195 2984 respiciat.

410 3032 530 3091 Deinde
554 3032 641 3090 veliin
673 3051 829 3108 compares
863 3032 1006 3091 brevioris
1035 3033 1128 3092 Servii
1162 3034 1253 3092 verba
1282 3036 1310 3091 A
1336 3049 1364 3109 5,
1394 3035 1471 3092 288:

304 3140 476 3214 ,Mediaque
510 3139 540 3195 in
564 3139 640 3197 valle
673 3133 788 3220 theatri]
814 3140 914 3199 media
938 3139 968 3197 in
992 3141 1071 3198 valle
1094 3150 1158 3198 erat
1181 3140 1277 3199 circus
1301 3141 1419 3212 theatri,
1444 3138 1472 3196 id

304 3258 348 3306 est
371 3246 498 3322 spatium
527 3244 698 3319 spectaculi.
747 3247 784 3303 Et
809 3245 934 3315 ,theatri‘
960 3247 1077 3304 Graece
1101 3246 1190 3307 dixit:
1226 3266 1287 3304 non
1318 3246 1400 3305 enim
1432 3253 1474 3303 est

305 3353 462 3429 speciale‘:
488 3368 613 3425 qnorum
638 3370 756 3410 sensum
780 3370 851 3410 num
875 3341 1050 3428 perspicias,
1076 3353 1164 3412 valde
1180 3353 1298 3426 dubit0,
1322 3371 1392 3411 cnm
1416 3352 1473 3428 ple·

304 3460 396 3517 nioris
428 3458 522 3516 Servii
545 3457 643 3516 verbis
668 3459 797 3518 ibidem:
825 3460 997 3535 ,Mediaque
1021 3460 1051 3517 in
1067 3507 1072 3518 .
1090 3506 1117 3519 ..
1143 3461 1181 3519 Et
1205 3459 1331 3530 ,theatri‘
1358 3460 1473 3518 Graece

304 3567 378 3625 dixit
402 3585 420 3624 a
443 3565 719 3640 circumspectione.
769 3569 868 3625 Omne
907 3569 1110 3641 spectaculum
1145 3568 1292 3626 theatrum
1316 3582 1471 3642 possumus

305 3675 406 3731 dicere
431 3661 500 3736 a’nd
524 3673 581 3754 τῆς
604 3677 763 3758 θεωρίας
786 3673 945 3732 nonenim
965 3684 1009 3731 est
1032 3675 1164 3750 speciale
1187 3679 1326 3732 nomen‘:
1351 3683 1434 3748 patet
1457 3689 1473 3726 a

306 3781 440 3856 pleniore
471 3780 573 3837 Servio
611 3780 669 3837 hoc
701 3781 847 3857 integrum
879 3790 1026 3839 servatum
1055 3799 1129 3852 esse,
1160 3801 1178 3840 a
1208 3781 1345 3839 breviore
1376 3790 1472 3838 autem

306 3887 499 3962 neglegenter
521 3896 716 3970 contractum.

414 4199 448 4269 ⁴⁷)
467 4202 526 4252 Non
545 4201 690 4265 ignoramus
708 4202 783 4252 etiam
796 4201 935 4267 Platonem¹
952 4203 1089 4252 Varronem
1111 4201 1154 4266 (cl.
1173 4204 1281 4252 Hennes
1294 4215 1337 4270 22,
1359 4218 1417 4267 pag,
1431 4201 1471 4262 29)

308 4291 347 4341 his
367 4292 509 4357 veriloquiis
528 4308 628 4355 operam
649 4293 759 4340 dedisse.
790 4292 939 4356 Cynicorum
961 4308 1055 4340 rnorem
1075 4292 1156 4342 illudit
1176 4293 1248 4342 Plato
1266 4293 1292 4342 in
1311 4292 1422 4355 Cratylo,
1443 4289 1471 4336 de

308 4382 393 4430 stoicis
423 4381 455 4430 cl.
477 4381 532 4430 Cic.
555 4382 586 4429 de
613 4390 656 4430 nat
685 4383 755 4432 deor.
793 4381 918 4445 Imprimis
943 4389 1024 4430 autem
1055 4382 1164 4430 Isidorus
1192 4381 1336 4436 stultissima
1363 4393 1471 4447 quaeque

308 4469 378 4520 lecit:
401 4470 434 4520 cl.
455 4471 549 4520 Thom.
570 4486 630 4535 pag.
652 4483 713 4521 222.
