3170 5180
757 317 979 372 ..30-

286 507 406 571 cunque
430 512 550 553 sensum
575 494 765 564 restituimus
800 503 893 570 ,ergo‘
926 497 999 555 illud
1023 495 1111 555 nobis
1134 492 1295 552 delendum
1319 491 1368 562 sit,
1404 509 1457 566 pro

229 673 234 680 ι
286 604 391 662 iterato
424 602 581 672 ,audierat‘
612 621 673 660 non
698 601 795 660 minus
819 615 888 678 apte
922 609 991 672 ,aut‘
1023 603 1153 661 scribere
1175 618 1343 676 possumus,
1391 601 1458 674 Jam

286 709 374 786 igitur
397 709 494 768 existit
518 709 662 784 quaestio,
688 719 784 766 utrum
808 728 876 767 cum
893 711 921 768 T
923 710 1024 768 hilone
1046 709 1181 786 pleniora
1196 707 1287 765 verba
1302 718 1458 781 tamquam

287 816 429 875 additicia
464 835 621 892 segregare
653 835 690 874 an
722 815 781 874 alia
811 817 997 876 correctione
1032 816 1167 876 adhibita
1194 814 1337 890 plenioris
1368 825 1460 887 atque

288 923 429 982 brevioris
454 923 660 981 commentarii
685 922 942 982 continuationem
966 942 1083 982 servare
1106 922 1239 982 velimus

395 1031 434 1088 At
458 1040 488 1086 ut
512 1047 602 1104 supra
625 1028 685 1087 dixi
722 1029 930 1089 difficillimum
963 1041 1007 1089 est
1030 1031 1069 1089 de
1092 1029 1215 1106 singulis
1239 1026 1461 1086 coniunctioni·

286 1139 342 1195 bus
365 1137 507 1205 iudicare,
543 1155 622 1210 quae
655 1154 745 1212 saepe
787 1137 864 1194 notis
903 1147 1019 1196 tantum
1057 1137 1310 1214 significabantur.
1360 1133 1460 1192 Etiam

287 1247 313 1301 A
331 1264 360 1316 4.
392 1262 449 1318 ¹3²
475 1243 640 1319 pleniorem
665 1243 796 1302 Servium
822 1244 1036 1303 coniunctione
1062 1245 1154 1320 ‚ergo‘
1171 1243 1271 1318 inepte
1287 1260 1376 1300 usum
1396 1257 1462 1298 esse

287 1352 377 1409 Thilo
401 1360 481 1408 recte
504 1350 664 1424 explicavit
688 1360 777 1424 atque
801 1353 969 1426 complures
999 1352 1061 1410 eius
1086 1350 1169 1408 modi
1193 1351 1278 1407 locos
1302 1365 1461 1407 enumera·

288 1458 337 1527 vit,
367 1458 420 1516 etsi
445 1475 506 1515 non
531 1457 650 1532 negavit
674 1457 738 1515 aliis
763 1459 947 1533 plenioribus
970 1459 1045 1517 locis
1069 1457 1143 1516 illud
1169 1464 1263 1537 ,ergo‘
1289 1475 1376 1514 suam
1401 1454 1461 1512 vim

288 1567 416 1634 habere;
440 1582 538 1639 neque
562 1563 604 1621 illi
629 1564 695 1634 soli,
719 1584 820 1624 vemm
845 1565 935 1624 etiam
959 1565 1087 1624 breviori
1111 1565 1215 1623 Servio
1239 1563 1311 1622 vitio
1336 1563 1461 1622 vertitur

288 1672 370 1747 quod
394 1671 485 1730 verba
508 1672 586 1729 male
610 1669 685 1730 inter
709 1690 740 1730 se
764 1672 925 1731 coniuncta
948 1666 1171 1754 reperiuntur‘).

395 1780 515 1836 Praeter
545 1778 625 1836 illam
659 1777 902 1838 coniunctionem
938 1786 1029 1855 ,ergo‘
1065 1779 1138 1838 alias
1174 1779 1251 1838 salso
1282 1776 1462 1854 apleniore

289 1885 393 1945 Servio
417 1895 570 1962 usurpatas
604 1905 669 1945 esse
700 1887 773 1945 dicit
796 1886 896 1959 Thilo,
932 1887 983 1962 qui
1012 1897 1114 1946 censet
1136 1887 1219 1944 illum
1244 1883 1462 1960 eVergilianis

289 1993 511 2051 commentariis
537 2003 626 2069 atque
644 1995 863 2070 exemplaribus
886 1995 1020 2054 hausisse
1044 2013 1142 2071 neque
1158 2013 1225 2052 eum
1251 1994 1302 2052 illa
1318 1988 1461 2051 breviori·

289 2103 344 2159 bus
359 2100 457 2158 verbis
473 2099 614 2168 adiceret,
639 2119 758 2158 curasse
781 2101 1009 2160 coniunctiones
1033 2121 1104 2159 num
1130 2101 1169 2159 ad
1186 2119 1223 2159 ea
1239 2091 1459 2175 quadrarent⁶).

398 2207 488 2265 Velut
504 2210 530 2264 A
552 2227 578 2276 1,
609 2225 666 2282 123
681 2225 686 2264 :
701 2207 852 2286 ,Imbreml
880 2209 976 2268 imber
999 2209 1106 2268 dicitur
1130 2227 1215 2266 umor
1227 2207 1334 2276 omnis,
1359 2212 1462 2264 veteres

288 2316 361 2373 mim
384 2333 491 2372 omnem
514 2331 621 2387 aquam
645 2315 759 2371 imbrem
790 2317 922 2385 dicebant,
955 2327 985 2374 ut
1018 2315 1172 2374 Lucretius
1207 2333 1251 2386 ,ex
1287 2313 1348 2388 igni
1383 2323 1461 2370 terra

290 2433 380 2498 atque
405 2420 506 2478 anima
529 2431 691 2478 nascuntur
714 2431 743 2479 et
767 2420 863 2480 imbri*
889 2422 1004 2479 Ennius
1027 2422 1141 2479 imbrem
1158 2430 1215 2496 pm
1238 2441 1315 2495 aquo
1339 2420 1460 2478 marimo

290 2530 462 2602 ,ratibusque
476 2527 621 2601 fremebat
641 2529 729 2596 imber
749 2529 885 2604 Nepbeni‘
908 2525 958 2587 *id
982 2539 1026 2588 est
1050 2525 1193 2587 umore*.‘

397 2634 550 2711 Sagaciter
574 2635 663 2693 Thilo
689 2636 825 2712 pleniora
854 2637 911 2694 hoc
944 2638 1012 2695 loco
1043 2636 1208 2712 segregavit
1233 2655 1250 2694 a
1273 2633 1461 2694 brevioribus

291 2754 381 2818 atque
395 2743 455 2800 duo
468 2741 836 2802 bonascholiaconstituit.
863 2744 1026 2817 Quaeritur
1041 2755 1139 2803 autem
1157 2763 1227 2804 num
1245 2743 1355 2801 idonea
1372 2759 1462 2800 causa

291 2862 442 2926 permotus
474 2849 520 2919 sit,
551 2863 582 2909 ut
605 2860 665 2907 tam
690 2851 850 2908 violentam
876 2852 1025 2910 medelam
1055 2851 1214 2910 adhibeat:
1263 2850 1345 2926 quod
1371 2867 1460 2925 nego.

292 2957 368 3014 Nam
393 2957 468 3014 sicut
491 2957 630 3026 Ennium,
653 2957 741 3016 etiam
765 2957 935 3016 Lucretium
959 2970 1048 3034 atque
1061 2957 1226 3034 Vergilium
1250 2958 1327 3016 inter
1346 2968 1459 3016 veteres

292 3063 450 3133 numerari,
476 3063 571 3140 primo
596 3063 694 3140 capite
717 3064 994 3125 demonstravimus.

398 3170 542 3228 Plenioris
565 3181 662 3228 autem
687 3171 780 3228 Servii
804 3172 895 3230 verba
933 3185 1056 3242 ,veteres
1085 3173 1164 3231 enim
1196 3191 1316 3231 ornnem
1350 3188 1460 3247 aquam

293 3277 418 3335 imbrem
442 3276 594 3336 dicebant*
619 3277 673 3336 etsi
698 3277 769 3335 satis
792 3297 975 3354 supervacua
999 3288 1074 3350 sunt,
1107 3289 1208 3338 tamen
1232 3263 1293 3338 non
1317 3297 1396 3354 opus
1420 3283 1462 3334 est

292 3397 488 3459 transponere
512 3393 562 3442 aut
585 3384 695 3454 delere,
721 3403 788 3442 curn
813 3391 869 3443 nec
892 3387 1105 3446 sententiarum
1121 3396 1296 3445 structuram
1321 3403 1379 3443 nec
1403 3400 1461 3441 ver·

294 3491 401 3550 borum
427 3509 546 3549 sensum
571 3502 777 3574 corrumpant:
804 3492 895 3550 immo
918 3493 999 3552 haud
1015 3493 1116 3571 inepte
1132 3513 1168 3552 ex
1186 3491 1396 3552 observatione
1414 3489 1462 3547 illa

293 3599 323 3656 in
360 3598 498 3656 Lucretio
533 3609 562 3656 et
586 3599 684 3656 Ennio
721 3598 853 3658 instituta
885 3600 1037 3660 universus
1061 3613 1193 3660 veterum
1216 3619 1286 3658 usus
1311 3600 1460 3675 repetitur,

400 3708 427 3763 A
449 3727 474 3776 ι,
506 3725 562 3780 134
589 3705 662 3763 nihil
686 3705 851 3781 invenitur3
876 3707 951 3766 alios
975 3709 1059 3766 locos
1076 3709 1167 3766 Thilo
1191 3706 1375 3766 enumeravit
1399 3715 1461 3762 tan-

294 3827 366 3884 tum,
391 3812 549 3871 sedetiam
566 3812 614 3870 hic
631 3812 776 3870 lubricum
802 3824 845 3873 est
860 3815 898 3872 de
916 3815 1039 3890 singulis
1062 3815 1187 3873 vocibus
1211 3814 1353 3872 iudicium
1378 3814 1460 3876 serre,

295 3921 468 3998 praesertim
484 3939 551 3978 cum
570 3920 711 3995 plenioris
728 3921 820 3980 Servii
837 3932 932 3981 textus
949 3924 1042 3981 multo
1064 3922 1193 3981 deterius
1211 3940 1301 3998 quam
1319 3917 1460 3980 brevioris

296 4030 384 4088 nobis
408 4029 533 4088 traditus
557 4023 630 4106 sit7).

296 4225 612 4236 mna—n-

403 4329 426 4398 ὓ)
445 4333 478 4382 cf.
500 4333 620 4390 Thomas¹
647 4347 705 4397 pag.
731 4330 789 4394 176.

403 4419 426 4488 ο)
445 4423 478 4472 cr.
499 4424 583 4478 runo,
607 4440 665 4487 pag.
688 4423 733 4471 rx.

404 4509 426 4584 ⁷)
445 4514 477 4564 cf.
500 4513 594 4562 Thom.
615 4529 673 4578 pag.
699 4513 756 4575 146.
